2052 3278
338 241 392 281 30
761 228 953 269 LIBER
988 203 1441 270 E'XEMPLORUM

335 346 516 386 multum
559 352 658 399 post
694 345 749 386 ad
785 358 830 384 se
871 358 1074 393 reversus,
1110 344 1151 384 in
1187 344 1366 385 ecclesia
1407 346 1534 386 beate
1575 344 1716 384 Marie
1756 346 1879 384 omni

332 415 570 467 penitentia
591 428 638 454 se
659 412 866 467 affligens,
889 413 1029 465 primo
1046 412 1125 453 sibi
1142 414 1259 466 piam
1274 420 1457 453 matrem
1473 413 1558 453 Dei
1580 412 1881 462 reconciliavit,

331 497 466 537 eaque
497 484 577 525 sibi
609 488 858 537 apparente,
881 481 1099 523 Christum
1120 495 1270 522 verum
1304 482 1387 522 Dei
1412 482 1569 522 Filium
1591 486 1635 521 et
1656 495 1713 521 ex
1736 482 1877 523 Marie

331 552 510 606 Virgine
540 558 693 592 natum
729 557 772 591 et
808 564 938 591 omne
972 549 1202 592 Christiani
1238 551 1505 605 propositum
1543 549 1761 603 profitens,
1799 565 1880 604 per

269 626 272 630 '
328 635 425 662 eam
446 623 578 662 etiam
601 620 758 662 Christi
781 620 879 660 Filii
910 620 1000 661 eius
1030 621 1212 673 gratiam
1234 621 1508 673 recuperavit,
1530 625 1572 659 et
1593 619 1648 658 ad
1669 618 1872 660 indicium

108 1320 147 1349 In
165 1320 307 1360 antiquo

107 1373 271 1395 Sermone.

96 2433 135 2463 In
157 2434 296 2474 antiquo

95 2487 179 2508 Serm
186 2487 259 2509 one.

327 690 494 731 indulte
515 691 594 732 sibi
622 691 745 730 venie
775 703 940 730 rursum
972 689 1010 729 ei
1041 690 1271 730 dormienti
1303 702 1517 742 apparens
1550 687 1707 729 Christi
1739 695 1880 729 mater

326 761 456 800 etiam
478 761 684 813 scriptum
716 758 1021 812 abnegacionis
1042 759 1435 800 abrenunciationis
1456 771 1584 811 super
1615 763 1764 810 pectus
1784 759 1878 799 eius

326 831 525 883 reposuit.
591 828 689 882 Quo
732 828 998 882 Theophilus
1032 835 1215 882 recepto,
1252 829 1295 868 in
1332 829 1517 869 crastina
1551 829 1621 868 die
1656 828 1872 868 dominica

324 912 468 939 coram
490 899 694 952 episcopo
716 904 759 938 et
790 899 908 939 omni
941 898 1130 946 ecclesia,
1162 899 1356 951 pandens
1388 898 1584 938 ordinem
1616 897 1687 946 rei,
1721 911 1876 938 omnes

324 969 378 1009 ad
421 968 594 1008 laudem
637 968 719 1007 Dei
760 973 803 1007 et
841 967 1059 1020 genitricis
1100 966 1257 1008 Christi
1300 967 1439 1007 Marie
1478 967 1715 1006 commovit
1755 973 1798 1007 et
1828 967 1871 1007 in

324 1038 480 1077 eodem
502 1037 606 1086 loco,
632 1050 717 1090 quo
739 1035 819 1076 sibi
852 1037 922 1089 pia
943 1036 1081 1089 Virgo
1112 1037 1325 1089 apparuit,
1347 1042 1542 1089 perstans
1575 1035 1738 1076 ibidem
1771 1042 1876 1089 post

321 1106 510 1146 triduum
535 1113 726 1146 mortuus
746 1112 812 1145 est
832 1111 874 1145 et
895 1105 1095 1158 sepultus.
1149 1105 1245 1145 Hoc
1267 1111 1412 1145 autem
1435 1105 1686 1158 exemplum
1704 1105 1868 1145 eisdem

321 1176 461 1216 verbis
493 1176 698 1228 scriptum
729 1175 886 1227 reperis
920 1175 962 1213 in
995 1187 1164 1214 summa
1196 1174 1251 1214 de
1283 1174 1512 1214 virtutibus
1542 1175 1584 1214 in
1607 1180 1792 1215 tractatu
1814 1175 1869 1214 de

321 1258 407 1297 spe.

411 1316 497 1365 (48)
535 1314 683 1355 Unum
706 1313 846 1353 adhuc
868 1311 1119 1365 exemplum
1145 1312 1200 1352 de
1222 1311 1440 1352 beneficiis
1470 1312 1652 1365 gloriose
1674 1312 1871 1367 Virginis

321 1384 364 1423 in
415 1385 591 1437 antiquo
632 1384 822 1435 quodam
864 1394 1060 1421 sermone
1101 1381 1240 1433 reperi
1289 1395 1378 1422 non
1427 1383 1574 1435 utique
1625 1381 1722 1435 [fol.
1769 1382 1866 1437 39b]

319 1452 723 1506 contempnendum.
786 1451 869 1491 Est
898 1456 1040 1491 autem
1063 1451 1145 1490 hoc
1171 1450 1435 1504 exemplum.
1499 1452 1656 1492 Mulier
1677 1453 1869 1505 quedam

320 1521 579 1575 paupercula
600 1522 773 1562 beatam
790 1520 1019 1574 Virginem
1041 1519 1211 1569 dilexit,
1231 1521 1353 1560 rosiis
1376 1526 1419 1560 et
1440 1520 1537 1560 liliis
1557 1526 1600 1561 et
1622 1521 1865 1563 huiusmodi

318 1593 472 1645 quibus
501 1592 641 1644 potuit
672 1590 924 1644 ymaginem
955 1590 1045 1629 eius
1075 1588 1345 1642 frequencius
1377 1590 1611 1630 adornavit.
1672 1590 1867 1644 Contigit

317 1668 462 1701 autem
497 1660 614 1714 quod
651 1660 761 1700 filius
796 1660 886 1699 eius
921 1664 1071 1711 captus
1101 1658 1442 1712 suspenderetur.
1505 1660 1661 1700 Mulier
1691 1674 1791 1701 vero
1822 1662 1865 1701 in

317 1744 484 1771 merore
524 1730 657 1770 animi
698 1729 906 1769 accedens
948 1729 1002 1769 ad
1040 1729 1291 1781 ymaginem
1332 1728 1458 1770 beate
1499 1729 1704 1782 Virginis,
1746 1732 1861 1784 quod

314 1800 394 1841 sibi
418 1800 552 1840 filium
573 1812 697 1840 suum
717 1799 969 1848 restitueret,
1002 1797 1245 1850 postulavit.
1308 1798 1367 1838 Et
1389 1799 1488 1851 quia
1509 1812 1597 1839 non
1619 1799 1679 1839 ita
1700 1800 1786 1839 cito
1816 1806 1865 1840 ut

313 1869 447 1909 voluit
479 1869 612 1909 filium
646 1881 769 1908 suum
804 1867 1081 1920 recuperavit,
1102 1867 1237 1907 dixit:
1269 1867 1520 1920 ‘Numquid
1554 1868 1640 1907 tale
1673 1870 1753 1908 erit
1784 1868 1860 1909 tibi

313 1939 470 1979 servire
503 1939 619 1991 quod
657 1937 869 1990 indigenti
901 1950 987 1976 non
1018 1935 1274 1977 succurris?’
1338 1936 1486 1977 Nimio
1516 1942 1663 1977 autem
1695 1952 1863 1979 merore

312 2008 433 2061 quasi
455 2008 685 2048 infatuata:
718 2007 790 2048 ‘Si
821 2006 955 2047 filium
987 2006 1157 2056 meum,’
1189 2006 1349 2060 inquid,
1387 2005 1513 2047 ‘mihi
1544 2021 1632 2047 non
1665 2009 1860 2059 restituis,

311 2078 502 2118 auferam
520 2078 597 2118 tibi
615 2076 748 2117 filium
765 2082 887 2116 tuum
905 2075 922 2116 ’.
976 2075 1033 2116 Et
1055 2089 1153 2116 cum
1170 2089 1346 2117 manum
1363 2076 1604 2130 impetuose
1620 2084 1863 2130 apponeret

311 2154 356 2187 ut
391 2148 642 2201 ymaginem
679 2145 844 2199 parvuli
878 2151 1128 2198 asportaret,
1166 2145 1275 2185 filius
1312 2159 1411 2186 suus
1442 2152 1562 2186 stans
1603 2146 1724 2187 iuxta
1759 2161 1857 2188 eam

311 2216 488 2270 pallium
530 2216 621 2256 eius
665 2215 872 2268 arripiens
914 2214 992 2255 ait:
1045 2214 1187 2268 ‘Quid
1228 2214 1345 2264 facis,
1387 2220 1555 2256 mater?
1630 2216 1856 2270 Numquid

309 2299 484 2326 sensum
518 2298 603 2325 non
637 2284 801 2325 habes?
864 2283 976 2324 Ecce
999 2284 1082 2324 Dei
1115 2284 1303 2338 genitrix
1326 2298 1394 2324 me
1417 2284 1492 2325 tibi
1514 2285 1719 2327 restituit.'
1781 2286 1858 2328 Sic

309 2361 445 2396 mater
467 2356 661 2409 gaudens
682 2353 815 2394 filium
838 2367 962 2394 suurn
985 2354 1258 2406 recuperavit.

395 2425 488 2479 (49)
519 2424 654 2465 Aliud
686 2425 728 2464 in
762 2423 845 2464 alio
876 2422 1066 2476 quodam
1098 2423 1276 2476 antiquo
1311 2436 1510 2464 sermone
1543 2425 1680 2477 reperi
1702 2425 1744 2465 in
1775 2424 1857 2466 hec

306 2494 445 2535 verba.
499 2494 690 2548 Quidam
711 2493 850 2533 clerici
868 2493 1117 2533 itinerantes
1134 2497 1390 2545 tempestate
1403 2492 1581 2545 fulguris
1595 2500 1639 2533 et
1660 2494 1854 2537 tonitruo

304 2565 569 2604 discurrente
608 2562 855 2603 cecinerunt
896 2561 993 2601 Ave
1025 2561 1163 2601 maris
1201 2561 1333 2609 stella,
1369 2568 1446 2602 etc.
1531 2562 1668 2603 Beato
1703 2568 1849 2603 autem

302 2634 426 2685 virgo
463 2633 684 2685 quoddam
717 2631 860 2671 velum
894 2643 1020 2683 super
1053 2631 1168 2683 ipsos
1201 2631 1425 2683 expandit,
1446 2632 1525 2673 sub
1556 2632 1673 2672 cuius
1695 2633 1850 2673 umbra

302 2703 438 2742 securi
460 2702 598 2742 donec
629 2706 866 2754 tempestas
896 2699 1093 2739 transivit
1122 2707 1459 2752 permanserunt.
1523 2700 1626 2741 Non
1647 2707 1713 2741 est
1743 2714 1846 2755 ergo

301 2771 587 2812 dubitandum
634 2769 736 2823 quin
789 2770 1012 2822 ingruente
1053 2768 1202 2808 mortis
1248 2774 1509 2822 tempestate
1556 2783 1701 2809 servos
1746 2784 1846 2811 suos

302 2840 432 2893 pallio
454 2839 742 2880 misericordie
762 2837 1051 2887 obumbrabit,
1074 2851 1129 2877 ne
1147 2851 1172 2877 a
1196 2837 1306 2878 Filio
1327 2840 1631 2891 percuciantur.

388 2910 478 2961 (50)
513 2909 648 2949 Aliud
672 2908 725 2948 de
747 2907 926 2948 eisdem.
971 2905 1159 2959 Quidam
1176 2913 1349 2947 sanctus
1367 2907 1605 2948 claustralis
1624 2907 1846 2950 honorans
1870 2960 1873 2962 ¹
