2052 3278
413 195 500 235 DE
533 195 1004 237 MISERICORDIA
1038 195 1442 238 SALVATORIS
1643 206 1692 248 17

155 313 320 353 amodo
360 325 449 352 non
489 311 698 351 audemus
738 312 1092 365 appropinquare
1138 311 1199 353 ei.’
1261 311 1333 353 Sic
1373 324 1475 365 ergo
1515 311 1693 364 maligni

154 381 323 434 spiritus
342 387 491 434 aperte
511 385 617 420 nota
639 379 775 420 fecere
796 380 979 421 Theode
999 394 1082 434 que
1097 380 1211 421 facta
1232 380 1407 421 fuerant.

242 450 335 503 (28)
367 449 528 491 Adhuc
567 454 712 489 autem
754 449 861 488 sicut
901 451 1106 502 scriptum
1149 456 1214 490 est
1259 450 1302 490 in
1343 450 1472 491 Vitas
1515 450 1693 490 Patrum
1707 455 1862 504 Y3P.‚V‚

154 518 269 559 dixit
290 523 441 559 sancta
459 517 708 559 Sincletices
726 532 733 558 :
768 522 776 538 ‘
795 517 1015 558 Inchoasti
1032 518 1192 572 aliquid
1214 517 1317 559 boni
1335 523 1351 559 ?
1377 532 1465 558 non
1487 519 1694 560 revoceris
1706 500 1821 582 ἔξέᾗὸ
1838 497 1883 540 (p'

154 600 231 640 per
252 587 566 641 impedimenta
588 586 760 635 inimici,
780 587 986 639 quoniam
1008 588 1100 640 ipse
1121 588 1316 629 inimicus
1336 601 1414 641 per
1430 588 1694 641 pacienciam

150 657 396 697 destruitur.
475 655 652 697 Etenim
688 656 759 709 qui
794 657 997 709 navigare
1036 658 1230 710 ceperint
1271 657 1413 710 primo
1453 657 1695 710 pandentes

157 725 298 765 velum
331 738 586 778 prosperum
617 730 794 764 ventum
826 725 1077 774 inveniunt;
1109 731 1260 777 postea
1291 739 1394 765 vero
1426 731 1576 765 ventus
1597 738 1697 765 con-

154 794 309 834 trarius
342 795 530 834 occurrit.
594 792 680 833 Sed
710 799 842 833 naute
872 806 962 833 non
995 805 1100 833 mox
1133 799 1312 846 propter
1340 794 1557 834 incursum
1579 795 1696 834 venti

152 863 359 903 contrarii
401 869 475 903 aut
506 863 777 903 exhonerant
816 869 890 902 aut
929 863 1132 902 deserunt
1167 876 1335 912 navem,
1376 863 1451 903 sed
1489 863 1696 916 paulatim

156 933 370 972 sustinent
401 933 604 973 adversus
640 930 846 985 pro-[fol.
874 930 1147 984 31a]-cellam
1179 932 1316 972 donec
1349 931 1502 972 iterum
1533 938 1696 972 rectum

154 1014 326 1042 cursum
348 1001 584 1042 inveniant.
640 1000 706 1040 Ita
722 1006 766 1040 et
787 1014 867 1040 nos
884 1001 926 1040 in
942 1001 1206 1041 contrarium
1223 1001 1421 1051 spiritum
1437 1001 1699 1041 incurrentes

154 1083 322 1110 crucem
345 1083 424 1122 pro
444 1070 543 1110 velo
565 1069 780 1123 erigamus
802 1075 845 1109 et
866 1070 958 1110 sine
980 1069 1166 1122 periculo
1187 1070 1314 1110 seculi
1338 1070 1457 1110 istius
1478 1069 1698 1123 navigium

156 1139 440 1191 expleamus.'

575 1248 662 1301 [De
691 1248 983 1288 7n22verz'cordz'a
1016 1248 1295 1302 salvatoris]

245 1342 335 1394 (29)
370 1340 444 1381 Ad
480 1341 910 1381 commendacionem
953 1346 1098 1381 autem
1137 1341 1428 1382 misericordie
1459 1341 1903 1383 SalvatorisASS-Mai-

159 1410 272 1450 valet
294 1410 522 1463 plurimum
541 1410 792 1463 exemplum
811 1410 866 1450 de
884 1410 1028 1463 Carpo
1050 1410 1274 1451 sacerdote
1289 1410 1559 1451 sanctissimo
1581 1411 1698 1464 quod
1712 1388 1771 1426 VI,
1790 1397 1861 1429 354-

158 1479 251 1532 ipse
293 1479 348 1519 de
388 1493 435 1519 se
475 1480 570 1532 ipso
612 1479 754 1519 retulit
794 1478 924 1520 beato
967 1479 1179 1529 Dionisio,
1221 1481 1328 1520 sicut
1360 1481 1452 1532 ipse
1483 1480 1701 1520 Dionisius

156 1546 305 1586 scribit
328 1547 370 1586 in
392 1546 576 1599 epistola
593 1547 647 1586 ad
666 1546 992 1599 Demophilum.
1054 1545 1172 1587 Sane
1193 1547 1302 1586 sicut
1316 1546 1476 1587 ibidem
1498 1546 1672 1587 refertur
1690 1561 1696 1587 :

159 1621 333 1655 sanctus
357 1614 521 1668 Carpus
552 1614 631 1655 fuit
652 1616 852 1655 sacerdos
882 1615 1173 1655 sanctissimus
1203 1616 1267 1655 cui
1301 1615 1516 1655 Dominus
1544 1616 1700 1656 multas

155 1684 446 1724 revelaciones
487 1682 718 1737 notabiles*
739 1684 1085 1724 communicavit.
1167 1683 1361 1737 Contigit
1400 1690 1542 1724 autem
1582 1685 1699 1737 quod

154 1753 334 1805 quidam
386 1751 569 1792 infidelis
619 1751 791 1792 fidelem
847 1753 1064 1805 quendam
1116 1753 1283 1792 illarum
1335 1753 1525 1806 parcium
1576 1753 1701 1793 malis

156 1821 503 1875 suggestionibus
525 1828 719 1862 traxerat
741 1822 795 1862 ad
818 1821 1128 1862 infidelitatem.
1191 1822 1321 1875 Quod
1343 1828 1515 1862 sanctus
1536 1821 1701 1875 Carpus

158 1890 294 1930 sciens
315 1889 467 1930 tantol
489 1890 638 1930 dolore
659 1895 702 1930 et
723 1896 846 1930 tanta
867 1891 1001 1932 etiam
1026 1891 1086 1930 ira
1109 1896 1250 1931 motus
1273 1896 1340 1930 est
1357 1903 1458 1943 erga
1474 1896 1702 1944 utrumque

158 1960 339 2008 illorum,
380 1960 495 2012 quod
539 1960 796 2012 loquebatur
841 1960 895 1999 ad
938 1960 1181 1999 Dominum
1221 1972 1318 1999 cum
1361 1973 1518 2012 magna
1558 1961 1619 2000 ira
1660 1966 1702 2000 et

161 2029 365 2082 angustia
397 2029 549 2078 cordis,
582 2029 730 2069 dicens
765 2043 855 2069 non
892 2042 985 2069 esse
1021 2030 1180 2068 iustum
1212 2029 1246 2068 si
1277 2029 1425 2069 vivant
1455 2029 1560 2069 tales
1580 2029 1700 2082 impii

161 2098 233 2151 qui
275 2104 525 2150 pervertunt
562 2098 651 2138 vias
689 2098 867 2138 Domini
899 2104 1063 2139 rectas:
1100 2105 1144 2138 et
1180 2099 1347 2151 rogavit
1382 2098 1621 2138 Dominum
1657 2104 1702 2138 ut

161 2168 352 2207 mitteret
393 2168 536 2219 ignem
572 2167 615 2207 in
647 2181 722 2207 eos
760 2167 868 2221 [qui]
910 2173 1058 2221 posset
1098 2167 1348 2208 comburere
1387 2173 1430 2207 et
1468 2169 1602 2208 vitam
1643 2168 1703 2208 eis

160 2236 323 2276 auferre
344 2236 650 2285 miserabiliter,
671 2237 713 2277 in
734 2236 971 2277 vindictam
994 2236 1231 2289 iniquitatis
1262 2250 1391 2289 quam
1417 2237 1458 2276 in
1486 2237 1627 2276 Deum
1659 2243 1703 2276 et

163 2310 358 2346 sanctam
385 2305 609 2346 ecclesiam
640 2307 956 2346 commiserunt.
1019 2306 1218 2346 Durante
1248 2312 1394 2346 autem
1425 2305 1602 2346 tristicia
1623 2304 1703 2346 hac

161 2374 358 2427 angustia
388 2380 431 2415 et
459 2374 532 2422 ira,
553 2375 736 2428 contigit
765 2375 876 2415 circa
908 2374 1098 2415 mediam
1129 2380 1299 2415 noctem
1321 2374 1496 2428 quando
1517 2374 1703 2415 surrexit

161 2444 219 2484 ad
239 2457 427 2497 ympnos
459 2444 691 2484 matutinos
722 2450 769 2485 ut
800 2443 880 2484 sibi
903 2445 1034 2485 moris
1055 2451 1157 2493 erat,
1178 2451 1226 2484 ut
1256 2445 1420 2485 videret
1451 2444 1629 2484 domum
1660 2444 1702 2484 in

163 2513 279 2567 qua2
301 2513 442 2552 stabat
476 2513 668 2566 superius
700 2519 907 2567 apertam,
932 2520 976 2554 et
1009 2514 1243 2566 suspiciens
1275 2514 1383 2553 vidit
1411 2513 1541 2553 etiam
1564 2512 1701 2554 celum

164 2582 427 2634 patefactum
468 2587 512 2621 et
566 2582 708 2622 Iesum
759 2583 980 2623 sedentem
1033 2582 1261 2622 assistente
1301 2582 1380 2622 sibi
1431 2581 1704 2623 multitudine

163 2637 428 2704 angelorum.
492 2651 707 2691 Deorsum
740 2657 885 2692 autem
919 2652 1158 2705 respiciens,
1186 2651 1295 2691 vidit
1327 2658 1427 2691 ante
1456 2665 1502 2692 se
1527 2658 1702 2705 puteum

164 2720 319 2760 inferni
339 2718 588 2760 horribilem
618 2720 745 2760 valde
775 2727 818 2761 et
848 2708 1148 2770 miserabilem,
1171 2720 1293 2761 sicuti
1314 2727 1404 2770 est;
1437 2720 1545 2761 vidit
1574 2721 1703 2762 etiam

163 2786 321 2840 impios
343 2792 605 2827 memoratos
624 2787 747 2827 iuxta
769 2801 818 2827 os
838 2787 954 2840 putei
976 2794 1090 2827 stare
1110 2786 1316 2827 tremulos
1338 2786 1598 2828 miserabiles
1619 2788 1703 2829 iam

660 2876 670 2895 1
685 2877 758 2908 MS.
777 2882 884 2908 tanta.
1017 2876 1030 2895 2
1046 2877 1120 2908 MS.
1139 2887 1213 2917 quo.

928 2933 951 2961 2
