2052 3278
83 1673 179 1711 V.P.‚
196 1674 257 1712 VI,

83 1717 195 1748 Verba

84 1761 176 1799 Sen.‚
195 1761 215 1798 i,
236 1771 273 1801 15

308 227 323 256 Ι
339 228 388 257 12
740 215 931 256 LIBER
965 212 1420 255 EXEMPLORUM

297 333 351 373 de
372 333 598 374 sacerdote
619 333 693 386 qui
716 333 757 372 in
782 331 946 384 Anglia
968 329 1195 382 Wigornie
1230 328 1385 369 finibus
1406 329 1489 369 hiis
1511 327 1672 368 nostris
1695 327 1850 368 diebus

298 402 567 442 interiectam
590 401 810 454 quandam
832 399 1048 440 cantilene
1062 399 1074 422 1
1097 399 1365 452 particulam,
1388 411 1519 451 quam
1553 394 1849 436 refractoriam

297 478 472 521 vocant,
497 472 614 512 malo
637 472 769 511 modo
790 470 960 523 re-[fol.
983 469 1285 523 95b]-fricauit.
1349 468 1459 510 Cum
1487 473 1635 507 autem
1657 467 1849 519 quadam

293 547 422 580 nocte
445 541 601 581 festiva
622 540 887 580 cantilenam
911 540 1028 580 illam
1050 553 1146 579 cum
1171 540 1256 579 iam
1278 539 1395 578 dicta
1428 536 1681 576 refractoria
1714 534 1850 575 coreis

294 611 459 650 circiter
480 610 704 650 ecclesiam
727 611 867 650 ductis
889 616 984 650 tota
1006 616 1133 650 nocte
1155 608 1363 657 audierat,
1387 607 1502 660 quod
1526 605 1687 646 talibus
1720 605 1850 645 nimis

294 679 487 719 animum
509 680 816 733 applicaverat,
838 686 959 720 stans
982 680 1025 719 in
1042 680 1231 719 crastino
1247 678 1301 718 ad
1321 678 1497 718 missam
1512 674 1851 716 sacerdotalibus

294 750 466 789 indutus
498 762 575 802 pro
595 749 859 789 salutacione
884 749 939 789 ad
972 749 1178 802 populum
1211 748 1296 788 scil.
1328 746 1547 786 Dominus
1578 744 1850 784 vobiscum—

293 817 587 859 refractoriam
620 820 914 872 supradictam
943 819 1132 872 Anglica
1157 818 1301 871 lingua
1339 829 1486 856 coram
1521 813 1724 855 omnibus
1758 813 1848 853 alta

293 901 395 928 voce
438 889 702 929 modulando
734 889 1032 941 pronunciavit
1065 889 1107 928 in
1139 888 1252 927 hunc
1294 885 1500 926 modum:
1537 882 1676 924 Swete
1705 883 1847 923 lernam

291 956 398 997 dhz'n
416 957 430 981 2
452 971 520 997 ore
538 973 551 996 .·
577 958 732 998 merito
754 958 918 1010 peccati
939 958 1002 997 sui
1025 963 1068 997 et
1090 956 1154 997 sui
1175 956 1333 997 oblitus
1349 955 1363 978 3
1387 961 1431 995 et
1455 959 1577 994 tanta
1598 950 1850 993 confusione

292 1039 523 1079 percussus.
587 1026 812 1068 Sententia
832 1033 977 1067 autem
997 1026 1112 1067 verbi
1130 1025 1240 1065 illius
1262 1025 1436 1078 Anglici
1454 1024 1533 1064 hec
1557 1028 1622 1063 est
1640 1037 1648 1065 ;
1673 1025 1681 1041 ‘
1699 1021 1850 1062 Dulcis

292 1097 431 1137 amica
453 1103 574 1137 tuam
596 1097 737 1149 poscit
753 1102 921 1137 amator
941 1110 1069 1149 opem
1087 1095 1127 1136 '.4
1188 1094 1380 1147 Explicit
1402 1091 1848 1146 exemplum—Quid
1897 1079 1901 1083 ,

295 1180 353 1206 ex
389 1167 470 1207 hoc
505 1166 760 1207 habebimus
795 1166 875 1206 nisi
912 1165 1013 1219 quia
1050 1160 1202 1205 intenti
1238 1163 1483 1204 huiusmodi
1513 1162 1709 1202 stulticiis
1742 1160 1847 1202 obli-

293 1236 505 1276 viscentur
526 1237 587 1276 sui
609 1237 651 1275 in
673 1235 757 1275 fine
778 1242 821 1275 et
841 1241 966 1275 erunt
989 1234 1233 1274 eternaliter
1253 1233 1429 1281 confusi,
1446 1232 1545 1285 quia
1561 1237 1654 1271 tota
1670 1243 1849 1283 presens

293 1305 489 1346 confusio
510 1319 596 1345 non
619 1310 684 1345 est
715 1305 798 1345 nisi
831 1303 1002 1357 signum
1037 1309 1238 1343 extreme
1269 1301 1582 1343 confussionis?
1644 1299 1703 1339 Et
1736 1300 1848 1339 iuste

294 1375 400 1414 tales
420 1374 463 1414 in
486 1374 571 1414 fine
593 1372 898 1414 obliviscuntur
919 1373 980 1413 sui
1002 1373 1074 1425 qui
1097 1372 1200 1411 dum
1214 1370 1406 1411 viverent
1427 1375 1605 1423 propter
1628 1367 1847 1409 fatuitates

299 1457 397 1484 suas
420 1442 541 1484 obliti
563 1448 661 1484 sunt
686 1442 780 1483 Dei.

899 1560 987 1613 (De
1007 1559 1222 1611 luxuria.)

382 1654 504 1709 (195)
538 1654 670 1695 Aliud
694 1653 946 1706 exemplum
967 1666 1055 1693 non
1078 1651 1218 1692 minus
1236 1651 1424 1693 notabile
1446 1651 1526 1691 hoc
1549 1656 1623 1692 est.
1687 1649 1728 1690 N
1733 1664 1846 1691 arra-

294 1724 370 1765 bat
389 1724 579 1777 quidam,
602 1729 650 1763 ut
669 1724 711 1763 in
733 1722 843 1763 libro
863 1722 1017 1762 eodem
1041 1721 1246 1771 scribitur,
1270 1722 1326 1761 de
1348 1721 1539 1773 quadam
1562 1719 1726 1772 virgine
1746 1733 1847 1760 con-

84 1804 131 1846 (ρ.
150 1806 237 1845 646).
294 1794 551 1834 versacionis
585 1793 856 1833 sanctissime
889 1805 973 1845 que
988 1791 1003 1814 5
1032 1804 1131 1831 cum
1154 1791 1492 1843 interrogaretur
1513 1788 1569 1830 ab
1589 1802 1652 1839 eo,
1671 1802 1757 1841 que
1777 1802 1845 1829 res

293 1877 391 1904 eam
432 1863 487 1903 ad
531 1863 643 1903 hanc
692 1862 1066 1902 conversacionem
1111 1859 1353 1909 adduxerit,
1395 1858 1644 1912 respondit:
1682 1858 1843 1899 ‘Michi

293 1940 385 1974 erat
422 1939 545 1986 pater
577 1932 799 1973 modestus
828 1937 872 1972 et
907 1937 1090 1979 sanctus,
1127 1929 1278 1971 debilis
1325 1935 1370 1969 et
1407 1928 1598 1969 infirmus
1638 1941 1843 1981 corporeg

292 2009 498 2055 tantaque
519 2002 557 2042 ei
579 2008 671 2042 erat
693 2001 972 2050 taciturnitas,
994 2006 1042 2040 ut
1063 1999 1118 2041 ab
1154 1998 1448 2052 ignorantibus
1481 2012 1579 2039 eum
1613 1998 1707 2038 sine
1738 2012 1844 2039 voce

287 2073 528 2113 crederetur
551 2085 654 2112 esse.
719 2070 862 2111 Mater
882 2083 985 2111 vero
1006 2070 1136 2110 michi
1157 2076 1247 2109 erat
1268 2070 1505 2110 econtrario
1535 2069 1653 2109 viciis
1683 2067 1842 2109 infecta

287 2148 330 2182 et
371 2142 551 2182 verbosa
572 2155 701 2194 supra
724 2140 913 2190 modum,
936 2139 1085 2180 dedita
1105 2139 1272 2179 luxurie
1304 2144 1346 2178 et
1378 2138 1469 2178 aliis
1500 2137 1626 2179 viciis.
1719 2137 1842 2178 Nun-

288 2225 418 2264 quam
459 2210 755 2251 infirmabatur
797 2223 823 2249 a
863 2209 1090 2249 nativitate
1130 2222 1205 2248 sua
1236 2221 1372 2260 usque
1402 2208 1457 2248 ad
1488 2207 1690 2248 ultimum
1722 2207 1838 2248 diem

286 2295 422 2322 suum.
480 2281 598 2321 Inter
631 2280 710 2320 hec
737 2279 918 2332 contigit
950 2284 998 2319 ut
1031 2284 1154 2331 pater
1186 2291 1306 2318 meus
1348 2277 1482 2317 multa
1522 2277 1764 2330 egritudine
1797 2283 1841 2317 et

286 2351 418 2404 longa
442 2350 647 2403 fatigatus
669 2354 916 2398 moreretur,
939 2354 981 2388 et
998 2348 1199 2387 continuo
1215 2361 1287 2387 aer
1307 2353 1372 2387 est
1394 2352 1549 2396 motus,
1573 2352 1616 2386 et
1636 2345 1779 2399 pluvia
1795 2352 1841 2387 et

286 2420 637 2460 coruschaciones
659 2424 702 2458 et
724 2418 916 2458 tonitrua
937 2430 1012 2470 per
1035 2415 1224 2456 triduum
1248 2416 1338 2456 sine
1374 2415 1594 2468 sepultura
1616 2414 1718 2456 fecit
1737 2429 1838 2456 eum

287 2503 471 2538 manere,
507 2494 550 2529 et
583 2489 786 2528 dixerunt
817 2488 968 2527 vicini:
1001 2486 1073 2528 Sic
1112 2486 1194 2526 Dei
1229 2486 1426 2526 inimicus
1457 2492 1549 2526 erat
1581 2486 1661 2525 iste
1690 2492 1739 2526 ut
1759 2499 1838 2526 nec

287 2572 385 2599 eum
419 2565 531 2598 terra
563 2558 742 2611 recipiat
774 2556 828 2597 ad
859 2556 1132 2609 sepulturam.
1197 2555 1340 2595 Mater
1362 2568 1463 2595 vero
1484 2568 1582 2595 mea
1612 2568 1710 2594 cum
1734 2553 1836 2607 [sol.

286 2628 389 2681 96a]
425 2634 671 2677 moreretur,
694 2641 767 2667 aer
787 2627 1084 2667 serenissimus
1119 2625 1255 2665 factus
1287 2631 1362 2675 est,
1384 2631 1428 2665 et
1457 2625 1652 2677 exequiis
1673 2625 1838 2677 optime

286 2704 443 2738 curata.
507 2696 603 2750 Ego
623 2703 769 2736 autem
788 2702 885 2749 post
900 2694 1064 2736 obitum
1088 2695 1177 2734 eius
1198 2694 1387 2746 quodam
1409 2694 1480 2734 die
1501 2693 1592 2746 [ad]
1608 2706 1832 2746 vesperam

286 2767 378 2820 cepi
400 2765 590 2819 cogitare
611 2767 727 2806 cuius
749 2766 883 2805 vitam
905 2764 1106 2817 eligerem
1129 2763 1407 2813 imitandam3
1441 2769 1584 2803 utrum
1608 2763 1739 2815 patris
1762 2763 1833 2815 qui

416 2866 428 2886 1
440 2867 515 2898 MS.
532 2867 676 2907 pertilet.
1006 2865 1104 2896 2ΜΞ.
1122 2865 1181 2896 l‘in
1198 2875 1234 2896 or
1251 2860 1324 2906 Pin.
1469 2869 1481 2888 3
1494 2865 1569 2896 MS.
1587 2863 1709 2895 obitus.

418 2910 430 2928 “¹
445 2911 519 2942 MS.
540 2916 634 2952 spem
653 2922 682 2935 =
699 2910 848 2951 speciem
864 2909 876 2941 ?
1008 2908 1019 2928 ⁵
1040 2909 1116 2940 MS.
1142 2908 1207 2950 qui.
