2052 3278
679 238 764 278 DE
798 236 1237 279 CONFESSIONE
1674 243 1724 285 57

192 355 273 396 fica
304 355 446 396 docuit
476 353 758 394 domesticam
793 352 928 393 facere
963 353 1080 393 dolio
1115 366 1193 392 suo
1223 351 1441 404 quandam
1479 347 1724 389 fatuitatem

193 427 370 474 peccato
398 421 582 474 plenam,
613 433 695 472 que
725 419 822 459 Deo
853 419 978 459 valde
1010 418 1238 471 displicuit,
1273 417 1388 457 unde
1423 421 1466 455 et
1502 421 1722 468 peccatum

191 489 291 530 illud
312 490 438 530 valde
453 489 640 543 graviter
657 487 830 540 punivit.
882 488 1035 528 Mulier
1050 501 1236 540 namque
1251 485 1487 527 domestica
1502 483 1603 523 fecit
1619 483 1725 523 sicut

188 559 345 599 edocta
368 558 462 607 fuit,
485 557 559 598 sed
583 557 689 597 ultio
713 557 858 596 divina
885 570 971 596 non
1001 556 1146 605 defuit,
1178 562 1222 596 et
1253 555 1314 595 ita
1345 567 1478 607 usque
1510 552 1565 593 ad
1594 552 1723 592 finem

190 628 457 680 procedatur,
479 627 538 667 ita
557 626 671 679 quod
694 625 748 665 de
769 638 888 665 sacra
910 625 1138 665 eukaristia
1159 625 1289 665 nichil
1316 623 1486 677 penitus
1513 634 1726 675 propona-

188 701 265 738 tur.
327 697 487 737 Videat
506 697 684 749 quisque
706 693 823 747 quod
845 707 950 735 sane
972 694 1087 734 dicat
1107 694 1150 733 in
1173 694 1338 735 talibuS.

275 764 394 817 (100)
429 763 558 805 Aliud
580 764 635 804 de
651 763 812 803 eisdem
829 762 883 802 ad
903 763 1032 804 idem.
1097 761 1297 814 Quedam
1316 761 1477 810 mulier,
1495 774 1591 800 cum
1610 765 1724 799 esset

186 833 348 874 devota
369 835 411 873 in
433 832 695 873 orationibus
717 837 760 872 et
781 830 1024 871 elemosinis
1044 837 1088 871 et
1108 831 1200 871 aliis
1223 831 1412 870 moribus
1439 830 1562 871 bonis
1592 841 1723 881 quam

186 902 387 955 plurimis,
409 908 630 955 peccatum
653 915 796 950 unum,
825 900 941 954 quod
970 902 1012 940 in
1040 899 1143 941 flore
1175 900 1402 940 iuventutis
1433 898 1722 939 commiserat,

186 985 260 1024 pre
281 971 533 1012 verecundia
563 983 732 1023 semper
762 970 990 1011 ocultabat.
1053 969 1249 1022 Cumque
1279 968 1455 1009 tandem
1488 966 1721 1020 aliquando

185 1040 472 1081 infirmaretur
504 1039 559 1080 ad
592 1044 789 1088 mortem,
824 1039 1075 1092 congregati
1109 1044 1209 1079 sunt
1240 1037 1342 1091 [fol.
1378 1035 1477 1090 58a]
1513 1036 1722 1076 demones

183 1110 304 1161 quasi
356 1109 509 1149 infiniti
559 1110 682 1150 iuxta
723 1108 1010 1149 habitaculum
1051 1107 1300 1148 anachorite
1346 1107 1389 1146 in
1430 1105 1581 1145 eadem
1624 1102 1724 1144 villa

182 1179 465 1219 comanentis.
525 1178 642 1218 Inter
661 1191 768 1231 quos
789 1191 897 1218 unus
919 1178 1031 1218 sedit
1052 1177 1174 1230 quasi
1195 1190 1274 1229 pro
1303 1176 1440 1216 iudice
1467 1181 1510 1215 et
1538 1174 1723 1227 quesivit

183 1258 209 1284 a
229 1244 405 1297 singulis
426 1244 526 1297 quid
549 1245 747 1297 egissent.
809 1243 999 1297 Surgens
1027 1249 1168 1284 autem
1199 1256 1307 1282 unus
1339 1241 1450 1282 dixit
1480 1240 1595 1294 quod
1628 1252 1720 1280 cras

185 1314 364 1354 haberet
392 1316 580 1355 animam
618 1314 802 1354 mulieris
839 1313 1033 1354 morbide
1068 1327 1151 1367 que
1192 1313 1248 1354 ab
1287 1311 1535 1353 hominibus
1575 1316 1724 1350 sancta

183 1384 319 1425 fuerat
352 1391 557 1438 reputata.
621 1385 780 1425 Dicens
816 1386 929 1438 quod
967 1398 1096 1425 unum
1133 1384 1310 1424 haberet
1346 1388 1568 1437 peccatum
1596 1381 1722 1434 ¹quod

184 1464 403 1506 nunquam
431 1452 630 1494 confessa
657 1460 745 1495 est:
782 1457 791 1473 ‘
812 1454 872 1494 Et
900 1452 1006 1508 ego‚’
1038 1453 1199 1506 inquid,
1235 1453 1433 1505 ‘quando
1464 1451 1594 1491 vellet
1623 1464 1723 1491 con-

185 1521 305 1571 fiteri,
329 1536 377 1563 os
398 1523 484 1562 eius
505 1521 693 1571 obstruo,
720 1535 774 1562 ne
801 1528 1023 1575 peccatum
1057 1521 1267 1561 sacerdoti
1300 1521 1670 1560 demonstraretur
1686 1520 1719 1557 ':

182 1597 227 1631 et
248 1597 470 1644 peccatum
494 1592 745 1632 nominavit.
797 1591 1063 1631 Anachorita
1082 1604 1184 1631 vero
1204 1590 1364 1630 audivit
1381 1588 1536 1629 omnia.
1589 1589 1722 1628 Mane

185 1666 327 1700 autem
359 1661 489 1701 mittit
523 1660 772 1718 anachorita
808 1674 887 1713 pro
928 1661 1157 1709 sacerdote,
1186 1660 1277 1699 visa
1305 1658 1450 1699 omnia
1490 1664 1533 1698 et
1574 1657 1721 1697 audita

184 1730 377 1769 ostendit
399 1731 436 1769 ei
458 1743 535 1782 per
555 1729 730 1782 singula.
793 1729 1003 1770 Sacerdos
1024 1735 1167 1769 autem
1189 1729 1244 1768 de
1266 1727 1446 1768 consilio
1474 1726 1722 1767 anachorite

185 1796 405 1837 mulierem
428 1797 545 1845 adiit,
567 1811 697 1850 quam
720 1799 849 1838 etiarn
873 1797 1011 1838 adhuc
1032 1798 1088 1837 de
1109 1796 1376 1837 confessione
1404 1795 1612 1835 allocutus
1640 1799 1716 1834 est.

185 1865 260 1907 Set
279 1866 407 1907 nichil
425 1868 463 1906 ei
481 1880 606 1919 super
625 1867 707 1907 hoc
725 1873 904 1920 peccato
920 1866 1056 1908 voluit
1073 1867 1282 1907 intimare.
1335 1865 1546 1906 Sacerdos
1563 1870 1720 1911 autem,

182 1936 336 1976 videns
357 1949 453 1976 eam
476 1936 560 1976 iarn
583 1936 890 1989 dampnacioni
912 1937 1174 1989 proximam,
1197 1935 1308 1975 ultra
1332 1948 1419 1974 non
1445 1932 1720 1974 dissimulans

184 2005 294 2045 dixit
314 2006 364 2046 ei.
430 2007 439 2024 ‘
457 2005 613 2045 Nonne
638 2005 723 2045 tale
751 2011 975 2058 peccatum
1008 2006 1050 2045 in
1082 2006 1301 2045 iuventute
1333 2011 1405 2044 tua
1436 2003 1719 2043 commisisti?

182 2080 225 2115 et
267 2074 371 2114 mihi
411 2073 512 2114 illud
554 2075 596 2114 in
635 2073 909 2115 confessione
950 2087 1038 2114 non
1079 2073 1328 2114 revelasti?’
1391 2072 1519 2125 Quod
1569 2071 1720 2111 mulier

181 2144 358 2183 audiens
391 2157 487 2183 cum
525 2143 675 2183 dolore
715 2145 910 2184 maximo
946 2150 990 2183 et
1030 2143 1290 2183 contricione
1331 2147 1555 2195 peccatum
1596 2154 1717 2180 suum

179 2210 463 2252 confitebatur
498 2218 540 2252 et
570 2213 771 2253 continuo
807 2213 1074 2253 lacrimarum
1112 2212 1322 2266 profluvio
1357 2218 1578 2265 peccatum
1615 2210 1718 2250 illud

181 2280 383 2321 abluebat
423 2295 642 2334 quousque
682 2283 875 2334 spiritum
917 2282 1118 2322 exalavit.
1200 2281 1341 2321 Nocte
1388 2294 1489 2321 vero
1532 2279 1719 2319 secunda

180 2351 429 2403 congregati
465 2356 563 2390 sunt
593 2350 699 2390 alias
734 2351 940 2391 demones
976 2351 1018 2391 in
1059 2351 1211 2391 eodem
1255 2349 1351 2390 loco
1393 2349 1463 2389 ubi
1504 2350 1631 2402 prius,
1675 2355 1719 2388 et

179 2421 362 2472 quesivit
383 2420 542 2459 demon
565 2420 786 2472 presidens
803 2421 993 2460 animam
1012 2420 1090 2460 sibi
1108 2421 1376 2473 promissam.
1439 2419 1497 2458 Et
1514 2418 1718 2470 respond-

179 2503 257 2530 ens
290 2489 500 2541 promisor
531 2489 644 2529 dixit
673 2503 768 2529 eam
802 2490 887 2529 iam
923 2489 1051 2530 fuisse
1082 2489 1342 2538 confessam,
1373 2494 1419 2528 ut
1450 2489 1610 2528 dictum
1643 2494 1718 2536 est,

179 2572 230 2598 ac
253 2571 328 2610 per
348 2557 428 2597 hoc
450 2557 639 2597 animam
656 2557 744 2598 eius
766 2558 821 2599 ab
842 2558 1005 2611 angelis
1027 2559 1069 2598 in
1091 2558 1227 2598 celum
1250 2557 1437 2598 delatam
1460 2570 1554 2597 esse
1570 2571 1715 2597 coram

182 2626 465 2667 Deo—Ecce
489 2632 648 2679 quanta
668 2629 797 2667 virtus
829 2629 1068 2680 penitencie
1099 2634 1141 2667 et
1171 2626 1450 2667 confessionis
1478 2639 1553 2679 per
1586 2639 1715 2678 quam

180 2701 324 2749 potest
346 2702 543 2748 peccator
566 2697 624 2736 sic
645 2697 728 2736 cito
750 2698 935 2749 separari
956 2711 980 2737 a
1008 2696 1194 2737 diabolo.
