2052 3278
335 222 389 265 92
774 210 965 251 LIBER
999 210 1452 252 EXEMPLORUM

334 326 452 380 legit.
521 327 568 369 Si
597 340 701 379 ergo
732 326 804 367 fiat
835 325 973 366 fames
1006 327 1101 379 quis
1132 325 1313 367 duorum
1346 332 1488 380 potest
1518 326 1753 367 evadere?'
1820 325 1881 367 Et

334 398 558 450 respondit
601 397 755 438 frater:
806 396 910 436 ‘Ille
950 397 1022 450 qui
1064 395 1165 437 fecit
1205 398 1400 450 quamvis
1447 410 1598 450 parum
1645 403 1774 449 atque
1820 397 1881 436 in-

337 467 547 507 mundum
561 466 581 509 ’.
631 466 690 507 Et
720 467 824 507 dicit
855 480 1013 508 senex:
1048 465 1140 506 ‘Ita
1170 473 1213 507 et
1244 480 1323 507 nos
1352 467 1612 507 seminemus
1641 479 1776 519 pauca
1803 466 1884 507 etsi

338 536 548 575 inmunda
578 542 737 586 tamen,
769 548 822 575 ne
852 535 980 576 famis
1011 541 1208 588 tempore
1241 534 1513 582 moriamur'.

1005 643 1073 684 De
1096 644 1216 697 gula.

129 745 224 776 Alex.
427 731 550 783 (152)
584 730 743 770 Narrat
763 730 1017 771 Alexander
1039 729 1242 783 Nequam
1268 729 1376 770 libro
1405 741 1428 769 2
1459 730 1513 769 de
1542 729 1706 769 naturis
1733 742 1885 778 rerum,

129 789 329 864 ffeesssstmugis
341 800 458 853 quod
487 800 550 840 vir
577 800 755 853 quidam
785 799 938 840 nobilis
964 813 1109 840 comes
1136 799 1227 840 iure
1254 798 1515 839 hereditario
1546 798 1766 838 Pontisare
1792 811 1888 851 pre-

131 877 285 926 Rer.,1·‡·‚
342 870 431 918 fuit,
472 875 539 910 set
579 876 726 910 tamen
767 869 878 909 vicio
919 869 1018 922 gule
1059 868 1280 909 subiacuit.
1352 869 1452 922 Ipso
1493 868 1670 908 tandem
1714 873 1887 908 mortuo

130 921 284 1006 ῗέχξξᾞῗ
341 939 541 980 successit
575 940 613 979 ei
649 938 759 979 filius
794 938 950 979 nobilis
986 944 1030 978 et
1067 938 1326 986 moderatus,
1364 950 1599 991 pauperum
1641 935 1891 977 consolator

342 1014 385 1048 et
425 1009 666 1057 viduarum,
707 1007 779 1061 qui
819 1008 959 1060 sepius
1000 1007 1185 1048 visitavit
1228 1008 1469 1060 sepulcrum
1516 1013 1744 1059 paternum
1791 1018 1889 1045 cum

342 1078 528 1118 lacrimis
568 1084 611 1118 et
657 1078 902 1125 devocione,
949 1083 992 1117 et
1036 1090 1132 1117 cum
1179 1077 1414 1116 elimosinis
1460 1075 1676 1129 opulentis
1722 1063 1918 1129 rogavit¹

342 1160 552 1200 pauperes
578 1153 624 1186 ut
648 1159 725 1199 pro
750 1152 871 1199 patre
897 1146 1219 1186 intercederent.
1282 1145 1456 1186 Accidit
1479 1158 1581 1198 ergo
1607 1151 1655 1185 ut
1676 1143 1893 1184 nobilibus

341 1215 487 1257 nobile
527 1216 715 1269 quadam
751 1215 843 1255 vice
885 1221 1057 1268 pararet
1096 1214 1349 1263 convivium,
1388 1214 1463 1254 sed
1504 1221 1607 1254 ante
1643 1213 1891 1253 convivium

343 1286 469 1326 duxit
492 1286 693 1326 invitatos
714 1284 770 1324 ad
797 1284 1050 1336 sepulcrum,
1076 1289 1119 1323 et
1146 1284 1266 1323 iussit
1291 1297 1496 1323 amovere
1520 1283 1728 1336 lapidem.
1793 1282 1895 1336 Quo

345 1362 494 1397 amoto
534 1354 737 1394 viderunt
777 1367 930 1393 omnes
971 1359 1164 1393 astantes
1206 1351 1414 1393 bufonem
1455 1352 1704 1393 horribilem
1747 1358 1792 1391 et
1835 1358 1898 1391 te-

344 1425 566 1465 terrimum
593 1424 703 1464 collo
729 1423 919 1475 parentis
946 1422 1098 1474 sepulti
1123 1435 1220 1461 cum
1250 1422 1462 1475 protervis
1484 1421 1667 1474 pedibus
1689 1420 1897 1460 inherere.

348 1494 446 1548 Quo
482 1495 573 1534 viso
609 1493 872 1533 exclamavit
914 1490 1024 1531 filius
1059 1504 1157 1531 cum
1195 1490 1381 1531 lacrimis
1419 1491 1589 1530 dicens:
1644 1489 1708 1531 ‘O
1746 1489 1895 1542 pater!

348 1564 388 1606 O
426 1563 570 1617 pater!
616 1563 879 1615 sollempnes
916 1562 985 1601 ille
1020 1561 1144 1614 epule
1181 1560 1376 1601 solebant
1408 1574 1484 1614 per
1514 1559 1669 1600 collum
1706 1560 1899 1600 transire.

349 1633 463 1673 Ecce
514 1632 649 1685 qualis
697 1637 762 1671 est
812 1630 910 1684 gule
961 1629 1275 1670 remuneracio.'
1338 1629 1461 1669 Tunc
1506 1633 1651 1669 autem
1699 1628 1898 1669 dolorem

347 1702 640 1750 dissimulavit,
683 1707 747 1741 set
787 1706 888 1754 post
933 1713 1111 1740 omnem
1158 1699 1446 1739 hereditatem
1493 1698 1583 1751 regi
1630 1698 1897 1738 Francorum

348 1772 512 1812 dimisit
552 1778 596 1811 et
639 1770 741 1824 [fol.
786 1769 888 1823 83⁶1]
934 1770 1026 1822 ipse
1076 1769 1377 1809 lerosolimam
1419 1768 1620 1820 perrexit.
1703 1767 1902 1820 Explicit

348 1839 790 1894 exemplum—Ecce
841 1840 948 1879 sicut
1005 1838 1117 1878 dixit
1168 1838 1307 1878 bonus
1356 1837 1464 1877 filius
1515 1838 1595 1886 ille,
1646 1837 1786 1890 qualis
1837 1842 1902 1876 est

349 1911 449 1964 gule
484 1909 790 1950 remuneracio.
853 1909 966 1962 Quia
999 1909 1114 1948 enim
1150 1913 1433 1948 consueverat
1466 1906 1597 1947 vilem
1631 1906 1790 1947 habere
1827 1906 1901 1946 de-

349 1980 632 2021 lectacionem
674 1992 731 2018 ex
772 1978 873 2031 gula
913 1991 990 2018 sua
1032 1977 1073 2017 in
1116 1983 1288 2029 gutture
1333 1990 1420 2025 suo,
1468 1974 1577 2016 sicut
1621 1981 1755 2029 patet,
1801 1974 1902 2015 bufo

351 2056 496 2105 guttur
530 2049 640 2089 illius
670 2048 823 2088 habuit
854 2048 896 2087 in
931 2048 1199 2100 possessione
1229 2059 1304 2086 sua
1334 2047 1389 2086 ad
1419 2044 1749 2099 significandum
1786 2045 1901 2098 quod

352 2118 498 2161 bufoni
528 2117 727 2159 infernali
760 2117 939 2157 traditus
971 2117 1050 2156 fuit
1080 2116 1136 2156 ad
1168 2115 1459 2168 torquendum
1492 2116 1534 2155 in
1567 2128 1677 2168 pena
1707 2114 1903 2154 infernali

353 2194 527 2243 propter
557 2193 779 2241 peccatum
810 2186 908 2239 gule
939 2199 1021 2239 que
1053 2199 1128 2239 per
1156 2191 1302 2238 guttur
1332 2183 1439 2224 illius
1469 2185 1707 2224 transierat.

141 2271 246 2311 Greg.
442 2258 565 2311 (153)
597 2256 730 2296 Aliud
762 2256 1013 2308 exemplum
1051 2261 1194 2295 narrat
1225 2254 1375 2294 beatus
1414 2253 1648 2307 Gregorius
1683 2253 1725 2293 in
1761 2254 1903 2306 primo

140 2314 291 2389 gah’l‘
356 2327 639 2380 Dialogorum
692 2326 746 2365 de
797 2324 1112 2365 sanctimoniali
1162 2337 1245 2376 que
1294 2324 1337 2363 in
1387 2322 1539 2363 horto1
1585 2329 1783 2376 tempore
1829 2336 1907 2362 ex-

353 2397 568 2438 ordinario
599 2395 808 2435 lactucam
842 2394 1108 2434 manducans
1139 2397 1312 2446 arrepta
1342 2399 1406 2432 est
1438 2407 1463 2432 a
1494 2392 1737 2432 demonico.
1803 2391 1904 2431 Hoc

355 2466 607 2519 exemplum
645 2466 793 2517 accipe
826 2477 955 2517 supra
985 2463 1029 2503 in
1063 2462 1251 2503 Rubrica
1285 2462 1339 2502 de
1373 2461 1521 2509 Cruce,
1553 2468 1596 2502 et
1628 2466 1767 2502 tracta
1801 2460 1906 2500 illud

355 2537 465 2577 sicut
501 2534 639 2587 exigit
671 2534 750 2574 hec
784 2534 976 2573 materia.
1042 2532 1173 2585 Quod
1208 2538 1255 2571 ut
1287 2530 1429 2580 facias,
1464 2545 1551 2571 non
1585 2536 1756 2584 oportet
1789 2530 1905 2583 quod

356 2607 411 2646 de
438 2617 561 2646 cruce
588 2602 739 2643 feceris
768 2603 1055 2643 mencionem.
1120 2600 1180 2641 Et
1209 2607 1356 2641 tamen
1385 2602 1421 2640 si
1450 2601 1506 2640 de
1532 2614 1654 2640 cruce
1683 2599 1757 2640 fiat
1787 2612 1906 2638 men-

355 2676 424 2715 cio
456 2674 498 2714 in
530 2674 622 2721 hoc,
654 2672 754 2726 gula
785 2685 861 2711 sua
892 2671 972 2711 fuit
1001 2671 1180 2718 avidior,
1208 2676 1251 2710 et
1280 2669 1374 2723 plus
1402 2669 1576 2710 diabolo
1603 2668 1764 2722 placuit
1791 2668 1905 2720 quod

358 2750 534 2797 propter
556 2742 809 2782 aviditatem
836 2740 1045 2781 lactucam
1074 2739 1315 2793 significare
1340 2752 1427 2779 non
1455 2739 1648 2779 advertit.
1714 2736 1907 2790 Explicit

359 2812 626 2866 exemplum.

1035 2898 1045 2918 1
1059 2898 1135 2930 MS.
1152 2905 1239 2929 ortu.
