2052 3278
358 214 410 253 82
796 208 984 249 LIBER
1018 208 1473 250 EXEMPLORUM

359 327 680 369 Consenserunt
702 331 846 365 autem
869 326 906 364 ei
940 324 1057 377 quod
1080 325 1265 365 fideliter
1286 324 1478 365 facerent
1501 324 1650 364 omnia
1672 324 1906 366 secundum

355 398 536 438 verbum
575 409 708 436 suum.
782 394 880 434 Hoc
912 401 1057 434 autem
1091 395 1129 434 ei
1161 407 1246 434 non
1280 393 1545 442 sufficiebat;
1579 392 1656 433 sed
1689 393 1796 433 ultra
1827 394 1905 434 hec

357 464 768 506 anathematizando
803 469 846 504 et
880 464 1164 516 imprecando
1197 463 1309 504 dixit
1346 464 1434 504 eis:
1470 462 1634 502 ‘Modo
1670 475 1752 516 ego
1792 464 1908 503 vado

358 536 476 575 viam
501 547 646 574 meam
678 540 722 574 et
741 547 831 573 non
854 545 1031 586 possum
1054 533 1109 574 de
1132 533 1256 573 rebus
1278 534 1369 573 istis
1406 532 1642 585 disponere.
1703 531 1909 573 Libenter

357 611 516 653 tamen,
552 603 586 643 si
619 603 740 643 Deus
770 603 876 642 mihi
908 603 1101 655 spacium
1121 603 1412 650 concessisset,
1444 601 1497 641 de
1529 602 1590 641 eis
1622 601 1905 654 disponerem.

360 674 540 726 Propter
561 673 676 726 quod
697 684 803 725 rogo
826 671 1067 712 Dominum
1090 672 1300 725 quatinus,
1323 671 1405 711 nisi
1428 670 1530 711 mihi
1552 668 1741 710 feceritis
1758 684 1907 711 secun-

356 743 461 782 dum
485 742 599 795 quod
621 742 889 795 promisistis,
911 741 1065 795 singuli
1087 748 1275 782 vestrum
1311 740 1499 794 singulas
1534 741 1637 780 istas
1667 739 1850 780 ultiones
1883 755 1909 781 a

358 812 456 852 Deo
490 812 677 864 recipere
708 810 887 851 valeatis
904 825 913 861 ;
947 816 993 851 ut
1028 811 1227 852 videlicet
1249 810 1316 860 tu,’
1347 811 1486 863 inquit
1522 809 1745 862 alloquens
1775 823 1907 850 unum

355 880 539 930 illorum,
564 880 688 934 ‘igne
709 879 907 920 infernali
930 893 1026 921 cum
1059 893 1219 933 magno
1252 885 1467 920 tormento
1497 879 1833 929 consummaris;
1864 885 1908 920 et

354 950 422 999 tu‚'
456 950 595 1003 inquit
626 949 848 1002 alloquens
891 948 1083 999 alterurn,
1116 949 1334 1003 ‘leprosus
1365 949 1569 989 vilissime
1599 948 1788 989 abiectus
1819 948 1907 988 effi-

353 1020 475 1059 ciaris
499 1033 506 1060 :
531 1025 574 1059 et
595 1017 664 1068 tu,'
688 1019 825 1072 inquit
845 1019 973 1058 etiam
1010 1019 1065 1058 ad
1098 1020 1287 1068 tercium,
1312 1018 1472 1059 ‘subita
1503 1024 1644 1058 morte
1671 1017 1863 1057 moriaris
1880 1017 1903 1060 ’.

356 1087 456 1129 Hiis
479 1089 605 1128 dictis
636 1089 721 1128 cito
743 1094 841 1141 post
862 1088 977 1128 viam
1000 1093 1193 1128 mortuus
1215 1093 1280 1127 est
1301 1087 1406 1140 (sic),
1428 1093 1471 1127 et
1501 1087 1649 1127 omnia
1679 1085 1793 1127 bona
1823 1099 1906 1140 que

352 1158 615 1211 adquisierat
630 1157 685 1198 ad
703 1156 1031 1210 dispositionem
1055 1157 1183 1197 trium
1208 1163 1546 1197 memoratorum
1567 1155 1772 1196 derelicta
1793 1162 1905 1198 sunt2

356 1228 433 1267 Isti
456 1241 560 1280 ergo
581 1233 668 1267 tres
691 1227 828 1276 amici,
859 1233 906 1267 ut
935 1226 994 1266 ita
1024 1227 1230 1276 dicamus,
1260 1226 1457 1266 videntes
1487 1231 1552 1266 tot
1583 1226 1710 1275 bona,
1734 1231 1903 1266 tantam

351 1295 624 1336 affluenciam
658 1296 920 1344 diviciarum,
943 1295 1127 1348 percussi
1157 1296 1396 1348 cupiditate
1428 1294 1666 1348 dyabolica,
1699 1295 1906 1336 dixerunt

351 1365 407 1405 ad
450 1366 660 1405 invicem:
725 1363 851 1416 ‘QUO
893 1364 1025 1404 modo
1071 1370 1114 1403 et
1155 1363 1329 1416 quando
1370 1364 1651 1403 inveniremus
1685 1369 1904 1404 tantorum

350 1435 563 1475 bonorum
599 1433 930 1474 vendicatores?
1002 1433 1119 1486 Quid
1157 1432 1376 1481 faciemus,
1407 1433 1485 1472 viri
1517 1431 1723 1473 fratres?'
1796 1433 1903 1474 Erat

349 1518 481 1544 unum
520 1504 600 1544 hoc
632 1504 862 1544 concilium
903 1503 1119 1543 omnium:
1153 1502 1432 1543 ‘Dividamus
1463 1502 1579 1543 bona
1617 1503 1697 1543 ista
1740 1503 1783 1542 in
1814 1507 1901 1545 tres

347 1581 490 1627 partes
524 1580 567 1614 et
598 1575 810 1627 accipiant
843 1574 1015 1614 interim
1047 1572 1202 1625 singuli
1235 1572 1424 1626 singulas
1458 1579 1599 1625 partes
1642 1571 1729 1612 acsi
1760 1578 1901 1613 essent

345 1631 400 1684 ad
424 1643 476 1697 [Ρ]
499 1643 614 1684 bona
636 1643 706 1684 illa
729 1648 879 1684 mutuo
900 1641 1173 1696 accipienda'
1200 1656 1207 1682 :
1241 1642 1358 1695 quod
1380 1648 1424 1682 et
1446 1641 1607 1682 factum
1631 1648 1707 1682 est.
1783 1641 1901 1695 Quid

347 1713 488 1753 dicam
505 1714 645 1753 dicam
668 1712 796 1766 [sz'c]?
857 1712 996 1753 Ditati
1019 1718 1119 1753 sunt
1135 1712 1212 1752 viri
1228 1710 1405 1764 val[de]‚
1430 1709 1532 1763 [fol.
1554 1710 1658 1764 76⁶2]
1674 1717 1900 1752 creverunt

345 1783 389 1823 in
411 1782 536 1823 bonis
557 1789 600 1823 et
623 1782 865 1832 honoribus,
890 1783 1000 1823 inter
1023 1794 1205 1835 magnos
1233 1782 1379 1834 magni
1407 1780 1548 1820 effecti
1571 1786 1683 1821 sunt.
1748 1780 1826 1820 Set
1848 1794 1903 1821 ve

348 1852 524 1901 miseriS,
545 1853 644 1905 quia
668 1858 806 1892 totum
829 1851 992 1891 factum
1015 1855 1080 1891 est
1103 1851 1158 1890 ad
1183 1850 1344 1891 malurn
1362 1863 1524 1890 eorum.
1587 1849 1703 1890 Nam
1723 1850 1902 1902 quando

347 1922 497 1961 melius
519 1923 663 1962 vivere
682 1921 929 1971 credebant,
950 1920 1126 1973 quando
1148 1921 1190 1959 in
1212 1919 1338 1960 bonis
1369 1920 1453 1960 suis
1486 1918 1638 1959 melius
1669 1917 1749 1959 sibi
1780 1932 1897 1959 com-

347 1990 589 2044 placebant,
626 1990 733 2031 ultio
771 1990 854 2030 Dei
891 1990 972 2030 ruit
1008 2002 1134 2043 super
1168 2002 1242 2029 eos
1284 1989 1516 2029 secundum
1558 1988 1672 2041 quod
1715 2001 1901 2028 monens

346 2067 610 2101 memoratus
642 2060 786 2100 Deum
818 2065 1057 2112 rogaverat.
1122 2058 1245 2100 Unus
1276 2058 1391 2098 enim
1423 2071 1569 2098 eorum
1602 2057 1754 2098 morbo
1785 2058 1897 2111 ignis

345 2129 612 2171 infernaliter
642 2143 739 2170 cum
772 2129 865 2169 diro
895 2134 1116 2169 tormento
1147 2133 1190 2168 et
1230 2129 1448 2180 exquisito
1485 2133 1764 2180 consumptus
1802 2133 1868 2168 est
1885 2143 1894 2178 ;

342 2200 450 2240 alius
485 2199 676 2253 leprosus
716 2199 922 2239 vilissime
953 2197 1131 2238 effectus
1163 2204 1252 2247 est3
1284 2197 1435 2238 tertius
1468 2210 1580 2247 vero,
1614 2210 1702 2237 non
1735 2210 1900 2251 magno

343 2269 570 2310 intervallo
619 2269 828 2322 temporis
889 2269 1123 2317 interiecto,
1176 2267 1317 2307 subito
1364 2272 1555 2307 mortuus
1607 2272 1683 2307 est.
1775 2266 1893 2307 Nam

343 2338 515 2392 quando
546 2352 652 2379 unus
689 2351 836 2378 eorum
878 2337 1071 2378 vindicta
1110 2337 1194 2377 Dei
1232 2349 1452 2390 percussus
1493 2343 1571 2385 est,
1613 2335 1686 2376 alii
1720 2349 1892 2377 causam

344 2408 570 2449 advertere
592 2421 677 2448 non
698 2413 967 2457 curaverunt,
1002 2412 1044 2446 et
1076 2411 1224 2459 postea
1260 2405 1413 2445 cecidit
1443 2418 1570 2458 super
1600 2417 1752 2445 omnes
1782 2406 1898 2447 iusto

344 2477 500 2518 iudicio
521 2478 583 2517 ira
607 2477 705 2519 Dei.
771 2477 885 2517 Ecce
907 2481 1051 2516 autem
1072 2475 1246 2529 qualem
1279 2474 1612 2515 retribucionem
1644 2488 1689 2514 se
1721 2488 1897 2528 prepar*

343 2551 434 2598 ant,
458 2547 530 2600 qui
558 2546 673 2588 bona
709 2551 975 2586 mortuorum
999 2545 1184 2585 scienter
1213 2544 1325 2584 male
1358 2549 1555 2586 tractant.
1618 2543 1746 2584 Certe
1778 2545 1812 2584 si
1848 2544 1892 2584 hi

343 2615 520 2669 impune
555 2619 791 2664 transeunt,
823 2614 1065 2656 mercedem
1116 2613 1445 2666 dampnacionis
1477 2618 1623 2653 eterne
1657 2613 1739 2653 nisi
1771 2612 1889 2665 peni-

344 2687 502 2727 tuerint
523 2686 733 2740 recepturi
746 2691 858 2727 sunt.
922 2683 1117 2737 Explicit
1131 2683 1616 2737 exemplum.——-Frater
1633 2683 1894 2723 Vincencius

345 2761 607 2796 memoratus
624 2756 771 2796 omnia
789 2754 867 2795 hec
884 2754 1005 2794 novit
1020 2753 1253 2804 evidenter,
1267 2754 1376 2794 sicut
1392 2752 1511 2793 fratri
1530 2752 1711 2792 iohanni
1727 2764 1893 2792 memo-

343 2831 437 2865 rato
457 2825 614 2867 retulit.
679 2824 763 2878 Qui
796 2822 951 2864 scilicet
972 2823 1103 2863 frater
1137 2821 1354 2863 Iohannes
1385 2829 1427 2863 et
1455 2821 1565 2862 hanc
1595 2821 1891 2861 narrationem

343 2894 386 2933 in
410 2893 518 2933 libro
540 2907 614 2934 suo
635 2894 815 2947 scripsit,
840 2893 896 2933 de
917 2906 1004 2945 quo
1025 2893 1156 2932 etiarn
1178 2905 1260 2946 ego
1281 2891 1490 2944 exscripsi
1509 2904 1606 2931 earn
1630 2903 1760 2930 manu
1782 2903 1892 2931 mea,x
