2052 3278
443 220 528 260 DE
561 215 785 261 FORMA
819 219 1147 261 PASSIONIS
1182 219 1439 261 CHRISTI
1685 231 1706 272 3

177 335 298 376 Iesus
320 336 499 388 vestigia
520 336 681 375 cruoris
701 335 901 377 ostendit.
926 330 929 331 ⁷
963 334 1167 389 Flagellis
1188 348 1313 375 cruor
1343 334 1457 375 dorsi
1486 340 1710 375 extractus

175 409 240 444 est
262 410 304 444 et
324 404 588 457 sanguineus
610 404 742 444 sudor
769 403 874 444 alias
901 410 1046 456 partes
1071 404 1266 457 corporis
1295 404 1440 445 tinxit.
1500 402 1713 445 Credibile

175 478 241 512 est
267 479 410 513 autem
437 471 633 512 acculeos
658 485 816 512 corone
842 485 1040 513 cruorem
1070 474 1125 513 de
1153 473 1295 526 capite
1327 465 1584 514 extraxisse.
1647 472 1714 512 Ita

118 564 122 568 -
175 555 281 595 ergo
303 542 462 582 tinctus
483 547 549 582 est
570 541 778 595 sanguine
801 546 848 580 ut
871 553 956 580 non
978 542 1116 582 solum
1142 555 1293 582 manus
1314 547 1357 582 et
1378 541 1512 594 pedes
1533 547 1577 582 et
1602 541 1714 582 latus

176 610 369 650 dicamus
386 624 558 663 aspersa
573 609 796 662 sanguine,
813 608 888 649 sed
905 614 1000 649 tota
1017 616 1137 650 veste
1151 610 1285 650 tincta
1303 609 1521 651 Christum
1539 610 1714 650 ascend-
1727 617 1771 648 Is.
1789 615 1868 647 lxiii.

175 679 257 719 isse
273 680 327 719 de
343 679 488 728 Bosra,
504 678 546 718 id
562 684 626 718 est
644 678 699 718 de
716 668 892 719 mundo.
942 678 1041 718 Hoc
1060 679 1149 719 ibi.l
1205 680 1361 720 Postea
1377 693 1478 720 vero
1494 680 1716 733 subiungit

175 747 434 801 quibusdam
458 747 724 800 interpositis
745 747 805 787 sic
825 763 832 787 :
866 747 1048 799 Legitur
1068 749 1185 800 quod
1209 748 1399 788 Athenis
1420 755 1522 788 tunc
1545 748 1716 801 vigebat
1730 753 1815 785 H.S.
1832 753 1867 784 in

177 817 380 866 studium,
402 822 445 857 et
465 830 563 857 cum
588 816 863 870 inquisissent
879 816 1128 870 philosophi
1147 830 1321 857 causam
1340 817 1614 858 tenebrarum
1633 831 1716 870 que
1728 797 1876 873 ἓζῇἓῖἔ”

178 886 370 926 Domino
391 885 595 926 crucifixo
616 885 732 926 facte
753 891 852 926 sunt
882 885 924 925 in
953 886 1152 926 universa
1181 891 1303 934 terra,
1333 886 1448 926 dixit
1481 886 1718 939 Dionysius

178 954 448 1008 Ariopagita‚
469 955 585 1008 quod
613 955 733 995 Deus
758 961 910 995 nature
935 955 1197 1008 paciebatur.
1262 956 1382 996 Deus
1407 962 1561 996 nature
1586 957 1627 996 id
1655 960 1720 995 est

179 1023 299 1063 Deus
321 1023 391 1076 qui
418 1030 482 1064 est
506 1023 704 1063 conditor
727 1030 894 1064 nature.
956 1024 1092 1064 Vides
1119 1037 1222 1076 ergo
1249 1025 1364 1076 quod
1394 1025 1566 1074 quando
1599 1024 1719 1064 Deus

175 1093 378 1133 conditor
409 1099 561 1133 nature
594 1093 636 1132 in
667 1093 860 1133 humana
890 1098 1045 1133 natura
1076 1092 1342 1146 paciebatur,
1374 1093 1532 1134 defecit
1567 1099 1721 1133 natura

178 1162 290 1212 solis,
324 1162 423 1215 quia
453 1162 529 1202 tali
562 1161 668 1202 hora
704 1161 850 1202 lumen
894 1176 1017 1203 suum
1051 1162 1252 1202 amittere
1294 1175 1369 1215 per
1400 1168 1601 1202 naturam
1634 1176 1720 1202 non

179 1237 349 1284 poterat
370 1245 379 1281 ;
410 1244 497 1271 non
516 1231 653 1272 solum
673 1231 830 1272 defecit
846 1238 1000 1272 natura
1017 1232 1131 1280 solis,
1148 1232 1224 1271 sed
1243 1232 1372 1272 etiam
1395 1238 1549 1273 natura
1566 1232 1722 1273 defecit

177 1299 353 1340 aliarum
377 1314 517 1340 rerum
540 1306 805 1341 terrenarum
827 1301 927 1354 quia
948 1306 1063 1341 terra
1086 1306 1208 1340 mota
1229 1307 1305 1350 est,
1327 1307 1406 1342 etc.

266 1370 327 1422 (6)
363 1369 522 1410 Adhuc
556 1376 702 1410 autem
737 1371 963 1423 quomodo
995 1384 1072 1423 per
1103 1370 1221 1410 viitem
1242 1369 1367 1410 horas
1400 1370 1486 1410 diei
1518 1369 1722 1410 naturalis

180 1438 392 1491 passionis
415 1437 573 1479 Christi
596 1439 833 1479 misterium
857 1444 1192 1489 consummatur,
1214 1439 1431 1479 declarare
1453 1439 1721 1492 simpliciori-

179 1506 258 1547 bus
279 1521 367 1547 non
389 1508 470 1547 erit
491 1507 650 1549 inutile.
712 1508 925 1561 Quamvis
946 1514 1091 1549 autern
1113 1509 1225 1549 circa
1249 1508 1403 1549 horam
1428 1508 1721 1549 crucifixionis

177 1583 222 1617 et
247 1578 570 1618 resurrectionis
596 1578 762 1618 diverse
789 1579 990 1630 legantur
1015 1578 1253 1632 opinioneS,
1283 1578 1374 1618 sine
1400 1579 1589 1632 periculo
1624 1578 1722 1630 [fol.

181 1645 279 1699 22b]
304 1652 452 1686 tamen
479 1647 817 1696 transcribimus,
844 1649 879 1688 si
908 1648 967 1688 sic
995 1647 1246 1697 dixerimus,
1275 1648 1437 1688 scilicet
1470 1648 1723 1703 quod-circa

180 1715 331 1755 horam
348 1714 530 1767 primam
545 1715 611 1756 vel
625 1729 718 1756 non·
731 1716 915 1765 muitum
931 1722 1032 1769 post
1046 1716 1119 1756 diu
1138 1716 1353 1757 Dominus
1371 1716 1613 1768 flagellatus
1630 1722 1719 1766 est;

178 1784 291 1824 circa
312 1783 463 1824 horam
496 1785 671 1826 terciam
704 1785 771 1825 vel
799 1800 884 1826 non
913 1786 1100 1826 multum
1127 1786 1199 1825 diu
1223 1791 1323 1838 post
1350 1786 1564 1825 Dominus
1588 1786 1720 1825 cruci-

180 1852 294 1893 fixus
320 1859 411 1903 est;
447 1854 557 1895 circa
584 1854 736 1895 horam
772 1862 944 1896 sextam
973 1855 1150 1895 tenebre
1184 1855 1295 1895 facte
1322 1861 1422 1895 sunt
1445 1854 1487 1894 in
1522 1855 1721 1895 universa

178 1928 316 1972 terra;
346 1923 452 1963 hora
474 1937 591 1964 nona
614 1924 831 1966 Dominus
852 1925 996 1965 emisit
1018 1925 1217 1978 spiritum
1237 1939 1246 1975 ;
1276 1926 1384 1965 hora
1404 1939 1491 1978 qua
1515 1925 1654 1965 solent
1675 1924 1718 1964 in

179 1991 358 2032 ecclesia
380 1992 463 2033 dici
484 2006 662 2046 vespere
685 1995 908 2047 depositus
929 1999 995 2034 est
1016 1994 1071 2034 de
1092 1993 1233 2047 ligno;
1267 1999 1421 2047 postea
1441 1995 1549 2035 circa
1565 1994 1717 2034 horam

180 2074 267 2113 qua
295 2061 404 2102 solet
429 2062 513 2102 dici
540 2062 868 2116 completorium
903 2063 1099 2117 sepultus
1135 2068 1200 2103 est
1217 2077 1226 2113 3
1259 2063 1371 2103 circa
1404 2063 1592 2104 mediam
1618 2077 1720 2104 vero

179 2135 356 2170 noctem
385 2130 452 2169 vel
481 2131 537 2170 ad
565 2133 703 2171 minus
729 2138 829 2172 ante
855 2131 1014 2172 claram
1040 2131 1156 2171 diem
1183 2133 1370 2172 surrexit
1395 2145 1420 2171 a
1454 2133 1643 2182 mortuis,
1678 2138 1721 2172 et

181 2198 262 2238 hoc
284 2205 348 2239 est
371 2199 482 2240 ratio
503 2212 636 2253 quare
656 2201 713 2241 vii
734 2200 865 2241 horas
886 2200 1082 2241 canimus
1104 2201 1261 2241 cotidie
1282 2202 1324 2241 in
1345 2201 1534 2241 ecclesia.
1578 2201 1721 2254 Siqui-

182 2268 285 2308 dem
321 2268 512 2309 canimus
545 2268 698 2309 horam
735 2283 876 2318 unam,
911 2283 991 2320 que
1032 2275 1209 2310 vocatur
1250 2272 1400 2323 prima,
1438 2270 1479 2311 in
1513 2270 1721 2311 honorem

181 2337 314 2390 ipsius
340 2337 411 2390 qui
436 2351 515 2390 pro
532 2338 664 2378 'nobis
691 2339 797 2379 hora
823 2338 898 2379 tali
923 2339 991 2379 vel
1018 2339 1129 2380 circa
1154 2339 1283 2380 talem
1311 2339 1462 2380 horam
1487 2346 1533 2380 ut
1558 2339 1720 2380 dictum

180 2411 247 2446 est
274 2406 388 2458 prius
415 2405 658 2459 flagellatus
687 2413 766 2448 est.
830 2407 1038 2449 Canimus
1066 2408 1218 2448 horam
1253 2422 1395 2458 unam,
1429 2422 1512 2461 que
1544 2414 1722 2449 vocatur

182 2476 325 2525 tercia,
354 2475 397 2515 in
429 2475 640 2516 honorem
677 2476 789 2517 illius
824 2477 897 2530 qui
932 2491 1009 2530 pro
1045 2477 1170 2518 nobis
1210 2477 1320 2518 circa
1356 2477 1508 2518 horam
1544 2478 1720 2518 terciam

182 2543 413 2584 crucifixus
433 2550 510 2585 est.
573 2544 784 2586 Canimus
805 2546 958 2586 horam
981 2560 1063 2599 que
1084 2552 1259 2587 vocatur
1279 2553 1417 2594 sexta,
1439 2547 1480 2586 in
1507 2547 1719 2587 honorem

182 2612 294 2653 illius
312 2626 390 2666 pro
405 2614 524 2653 cuius
541 2626 653 2666 pena
674 2620 717 2654 et
737 2616 938 2667 passione
961 2614 1022 2654 sol
1040 2620 1083 2654 et
1100 2613 1247 2654 lumen
1266 2628 1387 2655 suum
1406 2614 1592 2668 perdidit
1608 2615 1721 2655 circa

182 2686 356 2722 sextam
382 2681 547 2733 horam,
573 2682 654 2723 hoc
683 2688 747 2723 est
772 2684 881 2723 circa
907 2683 1025 2724 diem
1061 2684 1261 2724 mediam.
1328 2683 1534 2725 Canimus
1566 2684 1720 2724 horam

182 2763 265 2803 que
291 2756 470 2791 vocatur
496 2763 622 2799 nona,
650 2753 691 2791 in
717 2752 926 2792 honorem
956 2752 1068 2793 illius
1094 2754 1167 2805 qui
1201 2766 1279 2806 pro
1314 2752 1439 2793 nobis
1464 2752 1572 2793 hora
1604 2766 1721 2794 nona

182 2818 371 2860 reddidit
391 2819 601 2872 spiritum.
664 2820 870 2861 Canimus
893 2834 1095 2872 vesperas
1119 2822 1159 2860 in
1177 2820 1388 2861 hosiorem
1407 2820 1515 2861 illius
1534 2822 1605 2874 qui
1623 2828 1722 2874 post

844 2909 941 2941 1MS.
967 2911 998 2941 h.
1025 2911 1056 2941 ir.
