2052 3278
308 270 361 312 34
731 255 923 296 LIBER
957 254 1409 297 EXEMPLORUM

304 374 360 415 ad
393 388 462 414 me
483 374 570 414 duo
591 372 805 426 peregrini
835 373 907 424 qui
939 372 1223 424 penitentiam
1253 378 1434 424 agentes
1466 371 1695 411 dixerunt:
1735 371 1848 411 ‘Hic

303 445 500 485 volumus
532 456 706 483 manere
721 441 741 484 '.
805 441 901 495 Ego
922 455 1026 481 vero
1053 441 1154 481 dedi
1181 442 1241 482 eis
1270 440 1451 481 securim
1474 446 1517 481 et
1545 453 1678 494 panes
1702 446 1746 479 et
1774 440 1849 488 sal,

303 514 559 565 ostendique
580 513 639 552 eis
661 511 800 551 locum
822 510 894 550 ubi
916 510 996 551 sibi
1017 516 1179 551 tectum
1197 516 1398 563 pararent
1420 516 1464 550 et
1486 511 1528 549 in
1545 522 1597 549 eo
1614 516 1849 558 manerent,

302 584 481 624 credens
501 582 617 634 quod
641 579 839 633 fugerent
863 586 1040 633 propter
1071 579 1275 628 laborem,
1298 579 1554 632 ostendique
1576 579 1636 619 eis
1658 578 1847 631 plectam

302 652 356 692 de
392 651 548 705 palmis
585 650 734 691 facere.
800 650 888 703 Ipsi
924 656 1068 690 autem
1106 650 1251 690 omnia
1288 663 1371 702 que
1402 649 1495 689 dixi
1530 649 1590 688 eis
1628 648 1848 701 pacienter

303 721 510 769 fecerunt,
541 727 587 761 et
617 733 706 760 non
732 725 943 760 venerunt
973 721 1027 760 ad
1055 733 1125 760 me
1150 733 1225 773 per
1250 725 1338 759 tres
1370 731 1533 768 annos;
1567 722 1609 758 et
1634 717 1848 770 cogitavi:

305 791 496 830 Putasne
527 803 612 842 que
632 795 699 829 est
730 802 878 829 eorum
909 789 1141 842 operacio?
1173 789 1273 840 quia
1292 801 1378 827 non
1399 788 1580 827 veniunt
1609 799 1688 826 nec
1719 786 1849 826 inter-

302 865 563 913 rogaverunt
595 871 665 898 me
687 871 766 897 nec
786 857 917 897 alium
939 857 994 897 de
1018 855 1359 909 cogitacionibus
1385 856 1482 896 suis.
1547 854 1633 908 Qui
1656 855 1773 895 enim
1795 855 1850 894 de

302 928 431 982 longe
467 934 568 968 sunt
607 926 914 979 superveniunt
954 926 1008 966 ad
1050 939 1120 965 me
1134 939 1142 975 3
1190 926 1257 965 isti
1288 938 1390 965 vero
1425 925 1480 965 de
1516 924 1722 977 proximo
1761 936 1848 963 non

302 999 490 1039 veniunt.
554 997 653 1050 Ego
673 1010 780 1037 vero
804 996 861 1036 ivi
894 996 948 1036 ad
981 1009 1056 1036 eos
1089 1001 1132 1035 et
1164 996 1305 1035 inveni
1338 1008 1413 1035 eos
1436 999 1652 1044 tacentes;
1683 1000 1727 1033 et
1747 999 1848 1046 post

301 1067 490 1107 laborem
531 1078 682 1106 eorum
722 1071 766 1105 et
804 1064 1097 1113 refeccionem,
1135 1065 1285 1104 dicunt
1323 1063 1451 1104 mihi:
1493 1067 1502 1083 ‘
1518 1061 1657 1104 Vadis
1692 1060 1846 1101 hinc?’

302 1136 525 1189 Respondi
542 1151 549 1175 :
582 1134 708 1174 ‘Non
723 1134 743 1176 ’.
809 1133 1141 1175 Reclinantibus
1159 1140 1305 1173 autem
1323 1133 1447 1174 nobis
1464 1145 1706 1186 parumper,
1728 1131 1847 1171 oravi

298 1205 356 1245 ad
390 1204 630 1245 Dominum
655 1210 702 1243 ut
725 1203 830 1243 mihi
852 1202 1062 1243 revelaret
1079 1202 1302 1256 opiniones
1320 1216 1482 1252 eorum,
1501 1208 1545 1242 et
1562 1207 1760 1254 apertum
1781 1205 1848 1240 est

299 1281 464 1315 tectum
490 1272 638 1313 cellule
669 1279 712 1313 et
744 1272 859 1313 facta
890 1279 954 1312 est
986 1271 1061 1312 lux
1093 1279 1300 1325 tanquam
1333 1286 1410 1325 per
1441 1273 1567 1313 diem.
1629 1271 1715 1324 Ipsi
1746 1284 1848 1311 vero

300 1344 565 1397 suspicantes
607 1343 719 1395 quod
762 1356 844 1395 ego
885 1343 1130 1391 dormirem,
1173 1348 1497 1382 resurrexerunt
1544 1341 1846 1395 expandentes

300 1427 453 1454 manus
471 1413 513 1452 in
530 1411 667 1452 celum
685 1417 729 1451 et
749 1416 961 1451 steterunt
983 1412 1025 1450 in
1047 1411 1235 1453 silencio.
1280 1410 1500 1452 Videbam
1518 1425 1621 1464 ergo
1636 1411 1847 1451 demones

298 1483 406 1522 sicut
430 1495 598 1521 muscas
620 1481 843 1520 venientes
865 1493 991 1533 super
1012 1481 1220 1520 minorem
1240 1494 1247 1531 3
1280 1480 1349 1521 alii
1365 1481 1540 1533 quidem
1557 1494 1685 1534 super
1701 1493 1760 1528 os,
1777 1479 1847 1520 alii

298 1558 444 1592 autem
461 1564 587 1604 super
606 1549 774 1598 oculos;
805 1555 848 1589 et
869 1550 954 1589 vidi
977 1550 1179 1602 angelum
1203 1550 1380 1590 Domini
1397 1549 1632 1591 habentem
1653 1548 1846 1603 gladium

297 1622 470 1675 igneum
492 1626 536 1660 et
556 1618 803 1672 abigentem
826 1617 882 1659 ab
898 1633 950 1659 eo
966 1619 1188 1661 demones.
1254 1619 1407 1660 Maiori
1422 1633 1525 1660 vero
1542 1633 1629 1659 non
1647 1624 1848 1672 poterant

298 1690 658 1744 appropinquare.
726 1687 849 1729 Circa
881 1702 982 1729 vero
1016 1701 1146 1729 mane
1178 1688 1489 1729 reclinaverunt
1520 1703 1575 1730 se.
1648 1687 1849 1741 Cumque

297 1759 547 1813 evigilantes
579 1757 812 1812 psallerunt
843 1771 920 1811 per
948 1759 1286 1811 unumquodque
1306 1759 1485 1800 verbum
1508 1757 1660 1798 exibat
1680 1758 1848 1812 lampas

298 1831 407 1883 ignis
429 1830 484 1869 de
504 1842 577 1869 ore
605 1828 784 1868 minoris
806 1833 849 1867 et
874 1828 1071 1868 ascendit
1096 1829 1137 1867 in
1171 1828 1323 1870 celum.
1383 1827 1484 1881 [fol.
1507 1827 1609 1881 42b]
1642 1827 1849 1869 Similiter

297 1905 443 1939 autem
461 1904 504 1938 et
519 1910 617 1937 cum
635 1896 772 1937 maior
791 1897 974 1949 aperiret
988 1910 1036 1937 os
1055 1909 1176 1937 suum
1195 1897 1394 1950 psallens,
1411 1904 1619 1950 tanquam
1636 1896 1847 1938 funiculus

298 1968 407 2021 ignis
424 1965 724 2021 egrediebatur
744 1966 800 2006 de
821 1979 895 2005 ore
914 1966 1002 2006 eius
1023 1972 1067 2006 et
1088 1966 1362 2019 pertingebat
1383 1967 1436 2007 ad
1460 1966 1614 2008 celum.
1680 1966 1845 2007 Exiens

296 2043 440 2078 autem
477 2036 577 2076 inde
609 2035 793 2088 cogitavi
827 2035 927 2088 quia
957 2036 1093 2075 maior
1125 2035 1336 2088 perfectus
1372 2042 1477 2086 erat,
1514 2036 1667 2076 minori
1700 2041 1844 2076 autem

297 2105 600 2160 repungnabat
619 2104 826 2145 inimicus.
892 2103 1087 2157 Explicit
1108 2105 1370 2158 exemplum.

83 2184 181 2233 yffi„
199 2185 261 2223 VI,
384 2175 478 2227 (58)
509 2174 711 2215 Tercium
733 2173 983 2226 exemplum
1005 2173 1135 2214 breve
1160 2180 1202 2214 et
1230 2174 1450 2215 horridum
1480 2175 1522 2215 in
1549 2175 1703 2215 eodem
1735 2174 1843 2216 libro

81 2229 228 2312 ¹543sp·
297 2246 354 2286 sic
376 2244 585 2285 habemus
607 2243 827 2296 scriptum.
887 2241 1078 2295 Quidam
1101 2257 1238 2283 senex
1259 2244 1511 2297 deprecatus
1536 2250 1601 2284 est
1626 2244 1770 2285 Deum
1796 2250 1844 2285 ut

295 2315 461 2355 videret
480 2314 688 2354 demones
710 2318 753 2352 et
777 2312 1012 2352 revelatum
1044 2319 1110 2352 est
1140 2313 1200 2352 ei:
1238 2315 1248 2332 ‘
1265 2313 1366 2353 Non
1397 2327 1505 2366 opus
1532 2313 1666 2354 habes
1697 2314 1846 2354 videre

296 2381 402 2422 eos’.
464 2379 614 2421 Senex
645 2384 789 2419 autem
818 2379 1001 2431 rogabat
1028 2379 1187 2429 dicens,
1216 2380 1350 2432 ‘quia‚
1382 2381 1583 2430 Domine,
1615 2387 1770 2434 potens
1798 2396 1844 2422 es

296 2457 523 2504 protegere
545 2463 615 2489 me
631 2449 769 2501 gratia
791 2454 864 2488 tua
878 2446 899 2490 '.
961 2447 1025 2488 At
1044 2462 1146 2489 vero
1165 2448 1286 2489 Deus
1307 2449 1513 2490 revelavit
1529 2450 1674 2492 oculos
1696 2452 1785 2491 eius
1801 2457 1845 2491 et

295 2521 401 2561 vidit
422 2534 495 2560 eos
517 2526 725 2572 tanquam
747 2532 850 2571 apes
873 2518 1187 2558 circumdantes
1208 2518 1441 2568 hominem,
1463 2519 1693 2560 stridentes
1707 2520 1846 2561 denti-

292 2590 373 2631 bus
396 2590 480 2630 suis
502 2602 629 2641 super
650 2600 762 2628 eum.
821 2586 981 2639 Angeli
1009 2600 1110 2627 vero
1136 2586 1219 2626 Dei
1246 2587 1526 2641 increpabant
1553 2602 1637 2636 eos,
1666 2589 1748 2629 hoc
1775 2595 1841 2629 est

292 2658 583 2712 prohibebant
603 2663 646 2697 et
667 2655 980 2709 impediebant.
1041 2654 1234 2708 Explicit
1255 2656 1522 2710 exemplum.

877 2773 963 2826 [De
996 2773 1043 2815 S.
1077 2773 1256 2827 Iacobo]

383 2870 472 2923 (59)
506 2868 726 2921 Quoniam
767 2872 912 2907 autem
950 2865 1202 2905 memoriale
1233 2868 1369 2907 sancti
1410 2867 1553 2908 Iacobi
1593 2866 1722 2908 valde
1757 2867 1839 2908 sol-

294 2941 469 2993 lempne
490 2944 554 2979 est
575 2938 617 2977 in
641 2936 816 2985 Galicia,
838 2935 1026 2989 quadam
1050 2935 1249 2976 videlicet
1271 2942 1393 2988 parte
1417 2936 1656 2990 Hyspanie,
1682 2937 1838 2978 idcirco
