2025 3175
304 253 410 294 xxvi
497 230 699 294 INDEX
735 251 1162 295 RUBRICARUM
1198 251 1277 292 ET
1311 248 1777 294 CAPITULORUM

305 422 418 472 (130)
455 420 524 460 De
545 419 853 493 patrefamilias
873 420 944 472 qui
965 418 1027 459 xii
1050 431 1260 472 pauperes
1278 418 1464 471 recipere
1486 416 1632 465 voluit,
1655 419 1698 455 et

571 485 735 526 invenit
750 485 827 525 xiii
950 519 957 526 .

306 556 419 607 (131)
457 555 527 595 De
548 555 743 607 exequiis
765 554 808 596 S
833 554 1008 595 Marthe

455 623 522 664 De
542 623 977 666 excommunchatzone

304 695 337 743 (1
351 695 417 745 32)
453 691 525 732 De
575 691 741 732 duabus
780 691 1176 734 sanctimonialibus
1218 705 1330 745 quae
1371 691 1563 744 linguam
1606 701 1693 729 non

571 762 883 802 restrinxerant

304 833 417 883 (133)
454 830 689 884 Quomodo
743 843 852 871 unus
897 829 1310 871 'excommunicatus
1366 829 1468 870 facit
1518 840 1693 882 peccare

568 903 738 939 centum
762 911 968 951 personas

302 969 416 1019 (134)
454 967 523 1007 De
544 966 593 1008 Β.
617 966 839 1007 Bernardo
859 973 903 1007 et
924 966 1188 1008 abundantia
1209 978 1450 1007 muscarum

301 1038 450 1088 <135A)
486 1034 720 1089 Quomodo
776 1035 827 1076 B.
885 1035 1126 1076 Bernardus
1174 1035 1568 1076 excommunicavit
1618 1033 1692 1074 de-

570 1117 744 1145 monem
985 1137 993 1145 .
1119 1137 1127 1145 .

300 1177 446 1226 (1353)
484 1173 748 1227 Exemplum
771 1174 826 1214 de
848 1173 890 1215 S.
916 1173 1132 1214 Nannano

450 1243 518 1284 De
537 1242 821 1284 executoribus
842 1243 979 1283 malis.

300 1314 413 1365 (136)
450 1313 520 1353 De
541 1311 847 1353 executoribus
869 1311 1089 1352 cuiusdam
1112 1312 1288 1352 usurarii
1310 1313 1352 1352 in
1376 1311 1624 1365 Burgundia

299 1384 412 1435 (137)
449 1382 518 1422 De
537 1380 703 1422 duobus
726 1379 931 1421 militibus
952 1381 993 1420 in
1016 1380 1209 1421 exercitu
1231 1379 1373 1422 Caroli
1398 1380 1550 1434 Magni

453 1450 611 1492 Contra
632 1449 873 1490 laborantes
894 1449 1039 1489 diebus
1047 1449 1236 1501 festivis.

300 1522 413 1573 (138)
450 1519 520 1560 De
543 1518 729 1560 Radulfo
750 1519 805 1559 de
828 1518 1018 1559 Faentiis

298 1591 445 1643 (139A)
482 1588 550 1628 De
572 1588 681 1628 festo
704 1588 748 1630 S.
771 1587 995 1629 Laurencii

296 1661 441 1712 (13913)
478 1658 548 1698 De
568 1670 682 1710 pane
703 1670 851 1698 cruore
874 1664 1080 1699 manante

295 1730 408 1779 (140)
444 1726 514 1767 De
536 1725 647 1767 festo
671 1726 712 1768 S.
739 1726 977 1768 Eilwethae

295 1799 408 1848 (141)
446 1797 515 1837 De
559 1797 753 1895 guodam
795 1796 867 1850 qui
909 1797 950 1837 in
1004 1798 1118 1838 mola
1161 1797 1345 1838 farinam
1388 1797 1574 1838 confecit
1618 1760 1688 1838 clie

590 1868 776 1895 ommica

443 1925 511 1964 De
519 1925 624 1978 fide.

285 1993 407 2046 (142)
442 1993 511 2034 De
533 1993 849 2047 praedicatione
872 1993 1014 2034 fratris
1035 1994 1232 2035 Thomae
1254 1994 1308 2034 de
1331 1993 1523 2048 O’Koyn

441 2062 634 2116 Defilz'z‘s
654 2064 763 2103 male
783 2077 825 2103 se
845 2062 1095 2104 habentibus
1116 2077 1218 2117 erga
1229 2071 1441 2116 parentes.

291 2135 404 2184 (143)
442 2132 510 2172 De
527 2138 648 2185 patre
669 2145 771 2172 sene
793 2138 835 2173 et
857 2131 941 2173 filio
962 2146 1038 2173 suo
1113 2166 1140 2174 ..

292 2204 405 2253 (144)
442 2201 510 2241 De
533 2200 666 2241 Paulo
687 2207 730 2242 et
753 2201 957 2242 Pauladia

438 2271 506 2310 De
513 2271 667 2322 fartis.

286 2339 408 2392 (145)
442 2339 705 2392 Exemplum
730 2340 770 2379 in
792 2340 882 2380 vita
905 2340 951 2381 B.
975 2340 1196 2382 Brandani

287 2410 407 2462 (146)
441 2409 509 2449 De
531 2409 663 2450 tribus
685 2410 924 2463 peregrinis

288 2481 402 2530 (147)
440 2478 509 2518 De
531 2477 787 2518 Exhilarato
808 2492 939 2532 puero

437 2547 505 2587 De
518 2547 682 2601 gaudio
702 2548 870 2589 coelesti.

288 2618 403 2666 (148)
440 2616 508 2656 De
528 2617 691 2657 visione
716 2617 921 2670 Iosaphat

289 2688 402 2739 (149)
439 2685 557 2738 Quid
579 2686 737 2726 demon
761 2692 978 2739 pateretur
998 2693 1044 2727 ut
1066 2694 1208 2741 posset
1229 2688 1381 2729 salvari

287 2757 399 2804 (150)
436 2754 669 2808 Quomodo
692 2755 928 2796 monachus
950 2762 1140 2797 mortuus
1163 2759 1359 2810 apparuit
1379 2760 1493 2800 socio
1514 2773 1590 2800 suo

435 2823 504 2863 De
525 2837 640 2863 vana
654 2823 812 2877 gloria,

286 2893 399 2943 (151)
438 2892 645 2933 Parabola
666 2891 834 2933 abbatis
858 2893 1044 2934 Pastoris
1110 2927 1136 2935 ..

1753 369 1833 395 PAG.
