2052 3278
561 201 647 242 DE
681 201 1036 243 MIRACULIS
1070 201 1241 243 B.V.M.
1621 213 1675 253 29

226 318 316 370 (46)
347 317 505 359 Adhuc
538 322 685 356 autem
716 317 771 356 ad
803 316 984 369 gloriam
1016 317 1196 357 domine
1225 322 1373 357 nostre
1413 317 1495 357 hoc
1536 317 1677 357 refero

131 388 250 440 quod
289 401 314 427 a
348 386 479 427 fratre
521 385 735 425 Nicholao
766 385 821 425 de
853 384 1140 435 Wesefordia,
1172 385 1303 435 fratre
1338 385 1457 426 bono
1492 392 1536 426 et
1569 385 1675 439 [fol.

134 458 188 507 38
207 456 270 496 bis
293 455 370 509 (b)]
402 454 601 503 veridico,
638 454 794 496 audivi.
878 454 1044 495 Retulit
1077 455 1193 495 enim
1226 455 1358 495 michi
1392 456 1506 507 quod
1545 457 1676 495 miser

130 525 326 577 quidam,
349 524 421 577 qui
442 535 632 563 sororem
653 534 776 563 suam
797 523 936 562 tenuit
958 523 1104 563 multis
1137 523 1407 576 temporibus
1438 523 1675 573 fornicarie,

136 599 236 646 post
269 593 404 633 multa
436 598 633 645 tempora
665 591 708 631 in
740 591 822 631 hac
857 591 1026 631 vilitate
1066 599 1336 646 consumpta,
1369 594 1488 646 gravi
1522 593 1678 634 morbo

134 675 370 715 percussus,
393 662 447 702 ad
471 667 667 701 extrema
689 660 899 700 deductus
921 666 999 709 est,
1019 667 1063 700 et
1084 660 1225 701 iacens
1248 668 1459 714 tanquam
1482 669 1678 702 mortuus

135 743 211 784 per
232 731 425 783 spacium
446 731 569 770 unius
585 729 671 769 diei
688 728 754 769 vel
770 728 878 781 plus,
897 734 993 769 toto
1010 742 1193 781 corpore
1209 732 1404 783 superius
1422 737 1466 771 et
1485 732 1679 772 miserius

130 799 323 852 frigidus,
350 800 391 839 in
409 805 584 852 pectore
600 804 771 838 tantum
785 798 939 838 caloris
953 798 1184 838 scintillam
1203 799 1354 839 habuit
1371 799 1680 852 palpitantem.

140 868 291 908 iacens
314 869 443 921 igitur
465 869 525 908 ita
550 873 761 920 tanquam
785 873 997 916 mortuuS,
1016 867 1191 907 interim
1214 868 1267 907 ad
1288 868 1455 908 inferna
1472 869 1682 910 deductus

145 944 222 987 est,
246 944 290 977 et
310 950 407 977 cum
428 937 633 977 demones
663 948 760 975 eum
786 935 945 976 vellent
967 937 1009 975 in
1033 935 1247 976 infernum
1270 938 1540 990 precipitare,
1564 940 1682 978 venit

137 1006 266 1047 beata
289 1006 430 1059 Virgo
452 1012 495 1045 et
517 1019 614 1045 eum
637 1019 661 1045 a
679 1011 812 1058 puteo
827 1004 1025 1046 liberavit
1041 1004 1194 1045 inferni
1216 1012 1259 1045 et
1273 1007 1362 1046 vite
1379 1006 1480 1046 fecit
1498 1008 1680 1049 restitui.

139 1075 236 1115 Hoc
255 1088 353 1115 cum
375 1077 468 1127 ipse
490 1074 611 1115 fratri
637 1074 854 1115 Nicholao
886 1075 1101 1115 retulisset
1134 1082 1233 1128 post
1264 1075 1348 1115 alia
1379 1089 1463 1129 que
1494 1077 1550 1116 de
1579 1091 1683 1117 con-

134 1144 322 1184 fessione
343 1157 417 1184 sua
441 1144 717 1192 revelaverat,
737 1144 850 1184 dixit
873 1144 910 1184 ei
940 1143 1094 1184 frater:
1130 1148 1137 1163 ‘
1158 1143 1408 1197 Quomodo,
1433 1146 1594 1198 inquid,
1617 1152 1683 1186 est

136 1214 253 1266 quod
278 1213 473 1253 Domina
508 1219 658 1253 nostra
693 1219 736 1253 te
770 1212 904 1252 voluit
939 1214 1149 1265 respicere
1180 1214 1252 1265 qui
1286 1220 1453 1266 quanto
1486 1220 1685 1266 tempore

136 1283 303 1322 iacuisti
347 1283 388 1322 in
431 1288 554 1322 tante
594 1281 874 1335 turpitudinis
917 1283 1205 1323 enormitate?
1224 1282 1231 1297 '
1312 1283 1398 1336 Qui
1433 1283 1656 1336 respondit
1675 1300 1682 1325 :

140 1355 148 1370 ‘
170 1351 307 1400 Certe,
331 1350 496 1403 inquid,
519 1364 609 1390 non
632 1349 711 1390 fuit
733 1351 818 1390 alia
840 1364 969 1391 causa
992 1351 1074 1390 nisi
1096 1351 1215 1403 quod
1238 1365 1361 1391 soror
1384 1364 1481 1392 mea
1513 1352 1684 1393 solebat

139 1420 337 1469 braxare,
360 1426 403 1460 et
424 1420 479 1460 de
500 1419 693 1472 qualibet
715 1419 978 1459 braxacione
999 1432 1130 1459 unam
1163 1419 1339 1468 bollam,
1362 1420 1445 1460 hoc
1477 1427 1542 1460 est
1576 1421 1685 1461 duos

141 1489 335 1542 galones,
360 1490 401 1528 in
419 1488 629 1542 principio
643 1501 722 1541 pro
738 1502 886 1528 amore
904 1488 1031 1528 beate
1045 1488 1240 1541 Virginis
1253 1489 1358 1529 dare
1371 1491 1686 1540 consuevimus,

136 1564 184 1599 et
202 1564 379 1611 propter
400 1557 483 1597 hoc
504 1558 728 1597 servicium
751 1558 949 1609 quamvis
979 1563 1070 1596 tam
1097 1558 1318 1598 modicum
1340 1558 1521 1611 dignata
1542 1566 1607 1599 est
1630 1559 1686 1599 ab

141 1627 348 1667 incendiis
371 1627 551 1667 iehenne
570 1640 638 1667 me
654 1627 856 1666 miserum
874 1639 1018 1666 eruere
1032 1625 1054 1668 '.
1122 1626 1250 1666 Hunc
1266 1633 1471 1667 eventum
1494 1629 1686 1668 narravit

142 1695 272 1736 frater
295 1701 560 1735 memoratus
583 1694 719 1734 michi.
734 1701 778 1734 et
801 1694 947 1735 multis
970 1694 1064 1734 aliis
1087 1695 1279 1745 Dublini‚
1304 1697 1538 1736 secundum
1567 1698 1683 1749 quod

138 1764 197 1804 ab
220 1777 294 1804 ore
314 1762 495 1816 predicti
527 1763 774 1816 penitentis,
808 1763 920 1802 inter
951 1769 1129 1815 peccata
1162 1777 1236 1803 sua
1268 1777 1351 1816 que
1381 1765 1683 1815 confitebatur,

141 1833 350 1873 audierat.
415 1832 455 1873 O
479 1844 610 1883 quam
633 1830 821 1870 infelices
846 1837 944 1870 sunt
967 1832 1038 1883 qui
1061 1843 1223 1870 nomen
1258 1832 1401 1872 Marie
1432 1834 1584 1873 matris
1616 1835 1686 1886 pie

140 1916 167 1942 a
204 1899 392 1954 paupere
422 1900 501 1941 sibi
532 1907 778 1953 porrectum
811 1900 991 1939 audiunt
1026 1907 1069 1940 et
1102 1901 1416 1942 dissimulando
1447 1909 1686 1952 transeunt,

139 1984 239 2011 cum
263 1977 354 2010 tam
377 1970 595 2010 modicum
617 1969 871 2009 beneficium
895 1983 973 2023 pro
994 1971 1173 2010 nomine
1194 1983 1274 2011 suo
1297 1972 1542 2024 impensum
1574 1973 1684 2013 inter

145 2045 312 2080 tantam
336 2038 562 2078 feditatem
584 2052 674 2078 non
697 2039 955 2090 dedignetur
977 2038 1179 2091 aspicere.

206 2108 296 2161 (47)
319 2107 418 2160 [fol.
445 2107 545 2162 39⁶³]
569 2106 833 2160 Exemplum
858 2114 1002 2148 autem
1026 2108 1081 2148 de
1098 2108 1345 2161 Theophilo
1367 2122 1452 2149 non
1474 2115 1538 2150 est
1559 2110 1685 2150 silen-
1701 2121 1777 2152 Gul.

142 2177 213 2217 cio
244 2177 586 2230 pretereundum.
649 2177 754 2216 Erat
776 2183 920 2216 autem
944 2176 1210 2230 Theophilus
1242 2179 1284 2218 in
1308 2178 1494 2231 quadam
1517 2179 1685 2220 urbium
1702 2164 1844 2240 ἓξὲξ
1857 2208 1898 2240 de

148 2247 294 2289 Cilicie
328 2252 418 2286 tam
456 2247 686 2299 prudenter
720 2252 764 2285 et
794 2246 953 2286 utiliter
984 2259 1050 2286 res
1085 2247 1392 2287 ecclesiasticas
1422 2248 1898 2301 dispensans,Virtutibus-

145 2315 263 2368 quod
294 2329 393 2355 eum
421 2315 623 2368 episcopo
659 2320 829 2355 mortuo
849 2315 1028 2368 dignum
1052 2317 1304 2369 episcopatu
1335 2317 1474 2356 omnis
1504 2318 1688 2370 populus

145 2384 410 2424 acclamavit.
491 2382 554 2423 At
604 2384 675 2424 ille
725 2389 953 2424 contentus
1001 2383 1307 2425 vicedecanatu
1359 2385 1487 2426 alium
1538 2386 1687 2426 maluit

147 2453 331 2493 ordinari
366 2452 624 2505 episcopum.
700 2452 742 2492 A
771 2466 858 2505 quo
889 2453 944 2493 ab
978 2453 1141 2493 honore
1173 2467 1250 2494 suo
1277 2455 1429 2508 iniuste
1456 2456 1688 2508 depositus⁷

143 2523 198 2562 ad
235 2527 404 2562 tantum
442 2522 766 2574 impacienciam
800 2522 984 2571 devenit,
1015 2528 1062 2562 ut
1099 2523 1311 2563 conducto
1341 2523 1529 2576 quodam
1561 2537 1689 2577 mago

152 2591 329 2631 Hebreo
375 2591 428 2630 ad
470 2590 808 2643 recuperandum
850 2590 1059 2631 honorem
1095 2605 1219 2632 suum
1257 2605 1384 2645 opem
1426 2599 1623 2645 quereret
1663 2607 1688 2633 a

149 2660 337 2713 principe
376 2660 687 2699 demoniorum.
749 2659 792 2699 A
829 2673 914 2713 quo
944 2660 1080 2700 iussus
1117 2667 1182 2700 est
1212 2674 1371 2714 negare
1409 2661 1565 2701 Filium
1604 2663 1687 2702 Dei

147 2735 192 2769 et
243 2735 424 2768 matrem
470 2728 559 2768 eius
608 2741 705 2767 cum
747 2730 863 2769 omni
914 2729 1136 2782 proposito
1187 2730 1416 2771 Christiani
1458 2736 1501 2770 et
1550 2732 1688 2784 ipsam

148 2797 488 2849 abnegacionem
509 2795 692 2837 scribere
713 2803 756 2836 et
786 2797 1019 2851 sigillatam
1040 2798 1209 2838 tradere
1225 2813 1234 2848 ;
1257 2805 1300 2838 et
1321 2800 1380 2838 sic
1399 2800 1489 2839 eius
1511 2800 1689 2840 servicio

149 2879 197 2907 se
237 2866 417 2906 addixit.
500 2865 585 2918 Qui
627 2865 669 2904 in
710 2866 940 2907 crastinam
983 2872 1231 2920 recuperato
1268 2868 1430 2907 honore
1469 2882 1556 2917 suo,
1603 2882 1689 2909 non
