2052 3278
742 214 826 285 m:
860 243 1178 286 AVARICIA
1532 281 1535 284 ,
1673 253 1726 293 43

280 363 370 414 (71)
401 362 559 402 Adhuc
580 367 726 401 autem
749 361 872 401 decet
894 367 941 400 ut
958 360 1213 400 balneentur
1229 358 1330 399 mali
1344 358 1545 398 advocati
1565 358 1608 396 in
1626 370 1731 396 auro
1745 361 1823 392 Gul.
1869 404 1875 410 ἱ

188 429 383 471 ferventi.
440 429 572 472 Unde
592 429 749 481 legitur
769 429 812 468 in
830 429 1018 481 quadam
1036 428 1230 481 tragedia
1249 427 1427 475 Senece‚
1445 426 1553 468 sicut
1570 425 1731 465 ibidem
1745 404 1888 478 ξῐξὲξζ
1901 447 1943 478 de

187 499 276 540 scil.
302 501 345 539 in
367 512 536 539 summa
557 498 612 538 de
632 497 749 537 viciis
771 496 982 546 scribitur,
1006 498 1122 549 quod
1145 497 1285 537 visum
1316 500 1381 536 est
1409 495 1581 535 cuidam
1616 493 1732 546 quod
1745 491 1861 522 viciis.

186 567 356 608 viderat
389 567 614 608 Neronem
645 566 761 619 apud
794 566 953 607 inferos
987 566 1267 606 balneantem
1299 571 1341 605 et
1373 564 1597 604 ministros
1622 563 1733 602 circa

187 649 287 677 eum
308 650 458 677 aurum
479 636 645 677 fervens
676 634 951 676 infundentes
973 641 1018 675 et
1046 648 1144 675 cum
1165 636 1329 675 videret
1345 634 1528 674 chorum
1549 633 1733 672 advoca-

187 711 332 747 torum
366 707 672 747 advenientem
691 721 698 745 :
733 707 743 725 ‘
761 704 882 753 Huc‚’
917 704 1077 757 inquid,
1116 705 1292 744 ‘venale
1325 716 1460 757 genus
1492 702 1732 750 hominum,

190 773 230 815 O
254 776 457 816 advocati
478 775 605 815 amici
628 775 728 824 mei,
752 774 946 814 accedite
967 779 1014 813 ut
1036 774 1079 813 in
1103 774 1185 814 hoc
1205 787 1329 813 vasse
1360 785 1528 813 mecum
1559 771 1732 812 balnee-

188 843 293 884 mini
310 859 317 884 :
339 844 480 884 adhuc
501 844 617 884 enim
639 843 759 884 locus
776 849 969 896 superest
986 856 1114 896 quem
1132 843 1347 882 reservavi
1366 841 1491 881 vobis
1505 839 1513 854 ⁷
1529 875 1537 883 .

787 945 873 999 [De
893 944 1124 998 avaricia]

276 1033 367 1085 (72)
401 1033 665 1086 Exemplum
687 1033 875 1074 terribile
899 1032 942 1072 in
975 1032 1087 1072 hunc
1119 1031 1297 1071 modum
1328 1029 1458 1069 refert
1494 1028 1732 1081 Gregorius
1746 1034 1847 1083 Greg.

186 1103 229 1142 in
261 1107 308 1153 4⁰
338 1103 627 1155 Dialogorum
661 1104 716 1143 de
750 1102 950 1143 avaricia.
1021 1100 1272 1148 Crisaurius,
1294 1100 1404 1139 sicut
1440 1098 1606 1138 Probus
1635 1077 1928 1152 pro-'gssxll'i'iffv’

185 1172 371 1224 pinquus
393 1171 500 1221 illus,
521 1170 635 1211 cuius
668 1171 753 1210 iarn
785 1171 976 1223 superius
1007 1170 1263 1209 memoriam
1295 1166 1390 1217 feci,
1423 1180 1602 1207 narrare
1632 1178 1734 1206 con-

185 1241 340 1291 suevit,
366 1241 428 1280 vir
449 1241 493 1280 in
525 1240 608 1280 hoc
639 1240 803 1280 mundo
837 1240 964 1279 valde
993 1240 1113 1279 dives
1147 1237 1248 1278 fuit:
1281 1244 1347 1277 set
1379 1243 1553 1277 tantum
1585 1235 1736 1289 plenus

185 1310 305 1349 viciis
326 1315 537 1362 quantum
560 1308 700 1359 rebus,
723 1308 923 1362 superbia
945 1307 1146 1357 tumidus,
1168 1308 1308 1347 carnis
1337 1319 1409 1346 sue
1438 1305 1738 1358 voluptatibus

187 1377 396 1428 subditus,
428 1378 470 1418 in
503 1378 782 1431 adquirendis
811 1378 938 1418 rebus
971 1378 1156 1417 avaricie
1187 1375 1352 1416 facibus
1385 1389 1600 1416 accensus.
1665 1373 1738 1414 Sic

186 1461 283 1488 cum
326 1453 393 1488 tot
422 1448 548 1488 malis
579 1448 796 1488 Dominus
839 1447 968 1487 finem
1010 1460 1173 1499 ponere
1214 1446 1488 1494 decrevisset,
1528 1443 1738 1496 corporali

188 1517 302 1557 hunc
338 1519 540 1558 molestia
576 1519 796 1571 percussit.
860 1516 948 1569 Qui
983 1517 1037 1556 ad
1072 1521 1318 1556 extremum
1350 1515 1544 1563 veniens,
1584 1514 1736 1553 eadem

188 1586 298 1626 hora
339 1600 424 1639 qua
459 1587 547 1627 iam
583 1588 638 1627 de
673 1600 854 1639 corpore
886 1593 977 1626 erat
1013 1587 1223 1635 exiturus,
1263 1585 1425 1637 apertis
1461 1584 1594 1624 oculis
1628 1583 1736 1623 vidit

187 1654 294 1708 [fol.
319 1656 419 1709 48b]
446 1662 584 1696 tetros
617 1663 659 1696 et
690 1657 950 1709 nigerrimos
984 1656 1157 1708 spiritus
1189 1668 1334 1695 coram
1365 1667 1412 1694 se
1445 1654 1659 1701 assistere,
1693 1657 1737 1691 et

186 1725 467 1765 vehementer
484 1726 677 1776 iminere,
700 1732 747 1766 ut
764 1727 818 1766 ad
843 1725 997 1765 inferni
1029 1726 1216 1765 claustra
1247 1737 1292 1764 se
1326 1729 1542 1776 raperent.
1608 1721 1737 1774 Cepit

187 1794 318 1847 igitur
338 1795 512 1847 pallere,
537 1801 734 1846 tremere,
750 1795 905 1835 sudare
926 1801 969 1835 et
988 1795 1157 1847 magnis
1173 1793 1349 1833 vocibus
1366 1793 1558 1832 inducias
1576 1797 1735 1843 petere,

188 1863 408 1916 filiumque
428 1878 551 1904 suum
584 1865 760 1905 nomine
793 1865 1058 1914 Maximum,
1091 1877 1220 1916 quem
1254 1864 1345 1916 ipse
1377 1863 1465 1902 iam
1499 1860 1738 1901 monachus

188 1933 456 1973 monachum
478 1933 578 1983 vidi,
601 1933 784 1974 turbatis
808 1933 1067 1973 clamoribus
1099 1945 1266 1981 vocare,
1290 1932 1461 1971 dicens:
1496 1933 1503 1949 ‘
1524 1930 1737 1979 Maxime,

187 2015 323 2056 curre.
344 2015 564 2056 nunquam
587 2003 666 2044 tibi
687 2003 849 2056 aliquid
883 2003 983 2043 mali
1006 2002 1085 2043 feci
1103 2017 1111 2052 ;
1143 2003 1186 2041 in
1217 2001 1300 2042 fide
1332 2007 1407 2040 tua
1430 2013 1499 2040 me
1526 2000 1694 2052 suscipe
1711 1997 1735 2039 '.

189 2069 312 2111 Tunc
334 2085 442 2112 mox
466 2072 689 2113 Maximus
711 2072 848 2123 affuit,
873 2073 1023 2126 lugens
1045 2079 1089 2112 et
1104 2078 1381 2125 perstrepens
1399 2069 1566 2110 familia
1582 2074 1736 2109 cuncta

187 2141 404 2181 convenit.
466 2141 557 2181 Eos
578 2147 726 2182 autem
748 2155 857 2194 quos
881 2141 949 2181 ille
970 2142 1173 2181 insistens
1191 2140 1269 2180 sibi
1292 2140 1482 2192 graviter
1503 2137 1735 2187 tolerabat,

186 2209 267 2261 ipsi
290 2210 504 2263 malignos
516 2211 691 2263 spiritus
709 2211 855 2251 videre
871 2225 960 2251 non
978 2216 1197 2264 poterant,
1214 2216 1279 2249 set
1296 2223 1448 2250 eorum
1466 2208 1736 2262 presenciam

187 2278 231 2317 in
253 2278 529 2319 confussione
549 2280 593 2319 in
614 2281 780 2333 pallore
801 2294 850 2320 ac
873 2286 1058 2320 tremore
1089 2279 1200 2320 illius
1234 2280 1304 2332 qui
1336 2278 1588 2318 trahebatur
1619 2277 1739 2316 vide-

188 2347 307 2389 bant.
374 2348 578 2402 Pavo[re]
601 2355 748 2390 autem
771 2356 982 2390 tetrorum
1017 2350 1244 2403 spirituum
1270 2350 1351 2388 huc
1385 2348 1566 2400 illucque
1598 2352 1737 2386 verte-

187 2415 316 2457 batur
336 2417 380 2456 in
402 2417 582 2458 lectulo:
605 2418 775 2458 iacebat
798 2420 839 2459 in
862 2419 1038 2459 sinistro
1053 2418 1198 2466 latere,
1221 2424 1445 2471 aspectum
1462 2429 1612 2456 eorum
1630 2415 1738 2455 ferre

187 2499 277 2525 non
313 2491 511 2538 poterat:
542 2487 792 2527 vertebatur
825 2489 878 2528 ad
911 2489 1140 2541 parietem,
1179 2486 1236 2527 ibi
1271 2488 1463 2527 aderant.
1539 2484 1737 2537 Cumque

187 2555 447 2595 constrictus
467 2555 594 2596 nimis
610 2557 792 2598 relaxari
807 2557 819 2580 1
837 2558 924 2597 iam
941 2571 987 2597 se
1004 2571 1133 2611 posse
1149 2557 1414 2610 desperaret,
1431 2556 1545 2609 cepit
1566 2555 1737 2608 magnis

186 2624 362 2664 vocibus
395 2625 605 2665 clamare:
642 2625 869 2667 ‘Inducias
900 2627 969 2667 vel
1003 2641 1138 2680 usque
1169 2626 1332 2667 mane’.
1411 2624 1490 2666 Set
1522 2637 1619 2665 cum
1654 2624 1736 2664 hoc

188 2694 394 2734 clamaret
434 2695 476 2734 in
510 2695 643 2747 ipsis2
674 2696 760 2736 suis
800 2696 976 2736 vocibus
1006 2697 1061 2737 de
1091 2697 1338 2737 habitaculo
1370 2708 1444 2734 sue
1486 2695 1628 2734 carnis
1669 2700 1737 2733 est

187 2763 371 2804 evulsus
436 2763 505 2803 De
526 2776 613 2816 quo
633 2764 838 2805 nimirum
860 2770 1033 2805 constat
1055 2765 1155 2818 quia
1178 2778 1258 2818 pro
1279 2763 1405 2804 nobis
1427 2764 1520 2812 ista,
1544 2776 1634 2803 non
1656 2775 1737 2815 pro

187 2846 244 2882 se,
287 2832 451 2882 viderit,
494 2838 541 2873 ut
582 2834 672 2873 eius
713 2834 821 2874 visio
863 2834 987 2874 nobis
1030 2834 1238 2887 proficiat,
1272 2846 1380 2886 quos
1411 2832 1550 2872 adhuc
1590 2833 1739 2872 divina

644 2923 655 2942 1
670 2923 746 2954 MS.
765 2923 920 2955 relaxati.
1054 2923 1067 2942 2
1081 2924 1155 2955 MS.
1174 2928 1269 2964 tpris.
