2025 3175
315 249 425 290 xxiv
506 247 710 291 INDEX
744 249 1174 292 RUBRICARUM
1210 249 1290 290 ET
1323 247 1790 292 CAPITULORUM

1765 368 1847 392 PAG.

344 414 429 466 (76)
466 416 533 456 De
554 416 710 457 eodem
732 417 936 471 exemplo
1792 421 1844 465 45

463 484 532 525 De
553 485 769 538 baptismo.

344 553 428 601 (77)
466 551 701 604 Quomodo
724 552 977 593 Innocentia
999 558 1149 593 sanata
1169 551 1248 592 fuit
1792 558 1844 601 45

344 621 429 670 (78)
463 619 534 659 De
555 621 755 661 mendico
776 621 964 675 quodam
988 621 1183 675 podagro
1791 618 1849 669 46

345 688 429 739 (79)
465 686 535 727 De
554 687 745 740 quodam
768 687 1030 729 Curubitano
1050 693 1200 729 sanato
1791 684 1848 735 46

464 752 532 792 De
551 753 729 794 caritate
750 754 814 794 ad
828 754 981 795 Deum.

345 822 430 871 (80)
467 821 632 862 Fabula
652 822 708 862 de
729 822 873 863 leone:
905 830 948 864 et
967 823 1149 863 verbum
1173 823 1374 863 Anselmi
1793 828 1848 870 47

465 890 534 931 De
553 891 732 932 caritate
750 893 815 933 ad
819 893 1052 945 proximos.

343 961 428 1009 (81)
465 959 733 1014 Exemplum
757 961 804 1002 Β.
830 961 1033 1002 Iohannis
1054 961 1340 1015 evangelistae
1795 966 1850 1009 47

344 1030 429 1079 (82)
466 1029 643 1070 Dictum
666 1030 913 1084 philosophi
1795 1036 1849 1078 47

465 1099 535 1139 De
554 1099 714 1140 clericis·
734 1100 875 1141 malis.

346 1169 474 1219 (83)‘
492 1167 698 1210 Coronati
720 1169 949 1210 demones'
1134 1202 1162 1210 ..
1795 1167 1850 1217 48

344 1238 429 1287 (84)
467 1237 742 1290 Responsum
765 1238 948 1279 Roberti
969 1238 1159 1292 episcopi
1182 1237 1493 1285 Ambianensis
1795 1236 1850 1286 48

345 1307 431 1356 (85)
467 1306 537 1346 De
559 1307 773 1347 monacho
794 1307 911 1360 apud
936 1308 1243 1349 Monemutam
1796 1306 1851 1356 48

346 1375 431 1425 (86)
467 1375 536 1415 De
557 1376 764 1428 magistro
787 1376 1031 1417 Lanfraneo
1797 1374 1851 1426 48

465 1445 534 1485 De
553 1446 876 1498 cogitationibus
895 1446 1152 1489 carnalibus.

345 1515 429 1564 (87)
465 1513 563 1567 Qua
584 1515 752 1555 cautela
771 1516 977 1556 utendum
1001 1521 1064 1556 est
1086 1516 1141 1556 ad
1165 1515 1408 1556 huiusmodi
1427 1515 1709 1568 cogitationes

582 1585 847 1637 superandas
1798 1595 1855 1637 49

346 1654 430 1702 (88)
466 1653 534 1693 De
555 1652 708 1694 eodem
1798 1664 1854 1704 49

347 1723 431 1775 (89)
469 1721 538 1762 De
559 1722 712 1762 eodem
1803 1730 1856 1772 50

345 1793 430 1841 (90)
467 1791 535 1831 De
556 1790 708 1831 eodem
1802 1800 1856 1843 50

347 1863 431 1910 (91)
468 1860 536 1900 De
557 1862 710 1901 eodem
1803 1870 1856 1914 50

348 1930 432 1978 (92)
473 1929 539 1968 De
561 1930 715 1969 eodem
982 1963 1008 1970 ..
1803 1939 1855 1980 50

346 1999 431 2050 (93)
468 1996 538 2037 De
560 1998 889 2052 cogitationibus
909 1999 1180 2053 voluptuosis
1805 2008 1858 2051 50

346 2068 431 2120 (94)
467 2066 631 2108 Contra
652 2069 936 2122 cogitationes
957 2069 1204 2111 immundas
1225 2069 1339 2110 valet
1359 2069 1571 2111 confessio
1659 2103 1667 2111 .
1680 2102 1707 2110 ..
1804 2077 1857 2120 50

465 2136 534 2176 De
554 2137 815 2179 confessione.

348 2207 432 2258 (95)
470 2205 739 2259 Exemplum
761 2207 903 2247 ballivi
925 2208 979 2247 de
1001 2208 1135 2249 Turvi
1804 2217 1851 2260 51

346 2276 430 2327 (96)
469 2274 539 2315 De
560 2275 688 2316 anulo
710 2276 909 2317 dominae
930 2277 984 2318 de
1007 2277 1157 2319 Scotia
1804 2287 1824 2330 5
1833 2289 1855 2329 3

346 2346 431 2397 (97)
468 2344 538 2385 De
560 2345 781 2386 sacerdote
802 2345 1046 2387 celebrante
1068 2352 1247 2401 peccato
1267 2348 1407 2389 carnis
1430 2349 1655 2401 inquinato
1804 2356 1857 2399 54

346 2415 431 2469 (98)
468 2413 537 2454 De
560 2414 735 2454 muliere
757 2416 1048 2467 prostitutioni
1070 2417 1219 2457 dedita
1805 2425 1858 2468 54

346 2485 431 2536 (99)
468 2483 538 2523 De
556 2483 734 2524 muliere
748 2498 861 2537 quae
874 2486 991 2527 misit
1012 2486 1264 2540 particulam
1285 2486 1469 2528 Hostiae
1487 2488 1529 2527 in
1546 2486 1711 2527 dolium

583 2566 668 2593 Vini
1804 2565 1852 2608 55

317 2624 431 2672 (100)
468 2622 537 2662 De
559 2622 736 2662 muliere
752 2637 862 2676 quae
883 2631 1108 2677 peccatum
1132 2639 1263 2667 unum
1288 2640 1459 2680 semper
1475 2625 1714 2667 occultabat
1804 2634 1856 2677 57

467 2691 535 2731 De
555 2691 757 2745 coningio.

316 2759 430 2806 (101)
467 2757 537 2797 De
558 2757 721 2798 duabus
743 2758 866 2799 bonis
888 2762 1098 2801 matronis
1804 2762 1855 2812 58

317 2827 430 2875 (102)
467 2825 537 2866 De
558 2825 783 2879 voluptate
805 2828 1035 2882 coniugum
1059 2830 1349 2872 immoderata
1805 2831 1856 2882 58

468 2894 536 2935 De
556 2895 896 2938 contentionibus,
