<?xml version="1.0" encoding="UTF-8"?>
<!DOCTYPE html PUBLIC "-//W3C//DTD XHTML 1.0 Transitional//EN"
    "http://www.w3.org/TR/xhtml1/DTD/xhtml1-transitional.dtd">
<html xmlns="http://www.w3.org/1999/xhtml" xml:lang="en" lang="en">
 <head>
  <title>
</title>
<meta http-equiv="Content-Type" content="text/html;charset=utf-8" />
  <meta name='ocr-system' content='tesseract 3.04.00' />
  <meta name='ocr-capabilities' content='ocr_page ocr_carea ocr_par ocr_line ocrx_word'/>
</head>
<body>
  <div class='ocr_page' id='page_1' title='image "./liberexemploruma00litt_0111.png"; bbox 0 0 2052 3278; ppageno 0'>
   <div class='ocr_carea' id='block_1_1' title="bbox 666 194 1711 244">
    <p class='ocr_par' dir='ltr' id='par_1_1' title="bbox 666 194 1711 244">
     <span class='ocr_line' id='line_1_1' title="bbox 666 194 1711 244; baseline -0.003 -6"><span class='ocrx_word' id='word_1_1' title='bbox 666 197 765 238; x_wconf 88' lang='lat' dir='ltr'>DE</span> <span class='ocrx_word' id='word_1_2' title='bbox 784 194 1224 238; x_wconf 80' lang='lat' dir='ltr'>ELEEMOSYNA</span> <span class='ocrx_word' id='word_1_3' title='bbox 1660 203 1711 244; x_wconf 84' lang='lat'>73</span> 
     </span>
    </p>
   </div>
   <div class='ocr_carea' id='block_1_2' title="bbox 174 309 1912 2858">
    <p class='ocr_par' dir='ltr' id='par_1_2' title="bbox 174 309 1912 2858">
     <span class='ocr_line' id='line_1_2' title="bbox 175 309 1716 367; baseline -0.006 -10"><span class='ocrx_word' id='word_1_4' title='bbox 175 317 288 357; x_wconf 87' lang='lat' dir='ltr'>cium</span> <span class='ocrx_word' id='word_1_5' title='bbox 306 316 453 363; x_wconf 90' lang='lat' dir='ltr'>redire,</span> <span class='ocrx_word' id='word_1_6' title='bbox 467 320 512 356; x_wconf 93' lang='lat' dir='ltr'>et</span> <span class='ocrx_word' id='word_1_7' title='bbox 527 328 601 367; x_wconf 90' lang='lat' dir='ltr'>pre</span> <span class='ocrx_word' id='word_1_8' title='bbox 618 312 866 354; x_wconf 81' lang='lat' dir='ltr'>lassitudine</span> <span class='ocrx_word' id='word_1_9' title='bbox 881 327 969 353; x_wconf 89' lang='lat' dir='ltr'>non</span> <span class='ocrx_word' id='word_1_10' title='bbox 985 311 1213 352; x_wconf 88' lang='lat' dir='ltr'>valentem.</span> <span class='ocrx_word' id='word_1_11' title='bbox 1268 310 1319 350; x_wconf 92' lang='lat' dir='ltr'>In</span> <span class='ocrx_word' id='word_1_12' title='bbox 1338 311 1430 362; x_wconf 90' lang='lat' dir='ltr'>ipso</span> <span class='ocrx_word' id='word_1_13' title='bbox 1444 321 1545 349; x_wconf 88' lang='lat' dir='ltr'>vero</span> <span class='ocrx_word' id='word_1_14' title='bbox 1562 309 1716 348; x_wconf 88' lang='lat' dir='ltr'>itinere</span> 
     </span>
     <span class='ocr_line' id='line_1_3' title="bbox 177 377 1716 437; baseline -0.006 -12"><span class='ocrx_word' id='word_1_15' title='bbox 177 397 222 425; x_wconf 92' lang='lat' dir='ltr'>se</span> <span class='ocrx_word' id='word_1_16' title='bbox 244 385 403 426; x_wconf 88' lang='lat' dir='ltr'>habere</span> <span class='ocrx_word' id='word_1_17' title='bbox 423 382 676 437; x_wconf 81' lang='lat' dir='ltr'>perhibebat</span> <span class='ocrx_word' id='word_1_18' title='bbox 695 382 949 436; x_wconf 80' lang='lat' dir='ltr'>hospicium,</span> <span class='ocrx_word' id='word_1_19' title='bbox 977 394 1062 434; x_wconf 92' lang='lat' dir='ltr'>quo</span> <span class='ocrx_word' id='word_1_20' title='bbox 1090 381 1203 420; x_wconf 92' lang='lat' dir='ltr'>idem</span> <span class='ocrx_word' id='word_1_21' title='bbox 1235 378 1458 419; x_wconf 89' lang='lat' dir='ltr'>Martirius</span> <span class='ocrx_word' id='word_1_22' title='bbox 1480 377 1716 417; x_wconf 89' lang='lat' dir='ltr'>monachus</span> 
     </span>
     <span class='ocr_line' id='line_1_4' title="bbox 178 446 1715 500; baseline -0.006 -6"><span class='ocrx_word' id='word_1_23' title='bbox 178 455 238 493; x_wconf 93' lang='lat' dir='ltr'>ire</span> <span class='ocrx_word' id='word_1_24' title='bbox 273 453 515 494; x_wconf 75' lang='lat' dir='ltr'>festinabat.</span> <span class='ocrx_word' id='word_1_25' title='bbox 576 452 657 493; x_wconf 90' lang='lat' dir='ltr'>Vir</span> <span class='ocrx_word' id='word_1_26' title='bbox 692 457 836 491; x_wconf 90' lang='lat' dir='ltr'>autem</span> <span class='ocrx_word' id='word_1_27' title='bbox 870 449 966 499; x_wconf 92' lang='lat' dir='ltr'>Dei,</span> <span class='ocrx_word' id='word_1_28' title='bbox 1004 449 1193 490; x_wconf 89' lang='lat' dir='ltr'>eiusdem</span> <span class='ocrx_word' id='word_1_29' title='bbox 1231 447 1387 500; x_wconf 82' lang='lat' dir='ltr'>leprosi</span> <span class='ocrx_word' id='word_1_30' title='bbox 1421 446 1715 487; x_wconf 78' lang='lat' dir='ltr'>lassitudinem</span> 
     </span>
     <span class='ocr_line' id='line_1_5' title="bbox 178 515 1714 576; baseline -0.005 -15"><span class='ocrx_word' id='word_1_31' title='bbox 178 523 413 572; x_wconf 84' lang='lat' dir='ltr'>miseratus,</span> <span class='ocrx_word' id='word_1_32' title='bbox 431 521 607 576; x_wconf 90' lang='lat' dir='ltr'>pallium</span> <span class='ocrx_word' id='word_1_33' title='bbox 628 534 712 573; x_wconf 90' lang='lat' dir='ltr'>quo</span> <span class='ocrx_word' id='word_1_34' title='bbox 732 519 995 560; x_wconf 81' lang='lat' dir='ltr'>vestiebatur</span> <span class='ocrx_word' id='word_1_35' title='bbox 1016 520 1207 572; x_wconf 88' lang='lat' dir='ltr'>protinus</span> <span class='ocrx_word' id='word_1_36' title='bbox 1229 517 1407 570; x_wconf 90' lang='lat' dir='ltr'>proiecit</span> <span class='ocrx_word' id='word_1_37' title='bbox 1427 521 1471 556; x_wconf 92' lang='lat' dir='ltr'>et</span> <span class='ocrx_word' id='word_1_38' title='bbox 1491 515 1714 568; x_wconf 88' lang='lat' dir='ltr'>expandit,</span> 
     </span>
     <span class='ocr_line' id='line_1_6' title="bbox 178 585 1716 645; baseline -0.006 -13"><span class='ocrx_word' id='word_1_39' title='bbox 178 605 227 631; x_wconf 91' lang='lat' dir='ltr'>ac</span> <span class='ocrx_word' id='word_1_40' title='bbox 259 592 443 645; x_wconf 89' lang='lat' dir='ltr'>desuper</span> <span class='ocrx_word' id='word_1_41' title='bbox 473 591 690 643; x_wconf 91' lang='lat' dir='ltr'>leprosum</span> <span class='ocrx_word' id='word_1_42' title='bbox 722 589 877 641; x_wconf 85' lang='lat' dir='ltr'>posuit,</span> <span class='ocrx_word' id='word_1_43' title='bbox 910 601 1092 641; x_wconf 89' lang='lat' dir='ltr'>eumque</span> <span class='ocrx_word' id='word_1_44' title='bbox 1122 601 1201 627; x_wconf 93' lang='lat' dir='ltr'>suo</span> <span class='ocrx_word' id='word_1_45' title='bbox 1233 587 1364 640; x_wconf 90' lang='lat' dir='ltr'>pallio</span> <span class='ocrx_word' id='word_1_46' title='bbox 1394 585 1583 638; x_wconf 92' lang='lat' dir='ltr'>undique</span> <span class='ocrx_word' id='word_1_47' title='bbox 1613 597 1716 624; x_wconf 90' lang='lat' dir='ltr'>con-</span> 
     </span>
     <span class='ocr_line' id='line_1_7' title="bbox 176 651 1714 713; baseline -0.005 -12"><span class='ocrx_word' id='word_1_48' title='bbox 176 661 368 700; x_wconf 89' lang='lat' dir='ltr'>strictum</span> <span class='ocrx_word' id='word_1_49' title='bbox 404 672 527 713; x_wconf 91' lang='lat' dir='ltr'>super</span> <span class='ocrx_word' id='word_1_50' title='bbox 561 651 993 706; x_wconf 79' lang='lat' dir='ltr'>humerum&#39;levavit‚</span> <span class='ocrx_word' id='word_1_51' title='bbox 1031 668 1258 709; x_wconf 87' lang='lat' dir='ltr'>secumque</span> <span class='ocrx_word' id='word_1_52' title='bbox 1293 661 1510 695; x_wconf 87' lang='lat' dir='ltr'>revertens</span> <span class='ocrx_word' id='word_1_53' title='bbox 1549 653 1714 694; x_wconf 88' lang='lat' dir='ltr'>detulit.</span> 
     </span>
     <span class='ocr_line' id='line_1_8' title="bbox 177 723 1716 785; baseline -0.005 -13"><span class='ocrx_word' id='word_1_54' title='bbox 177 730 375 785; x_wconf 88' lang='lat' dir='ltr'>Cumque</span> <span class='ocrx_word' id='word_1_55' title='bbox 409 732 494 771; x_wconf 87' lang='lat' dir='ltr'>iam</span> <span class='ocrx_word' id='word_1_56' title='bbox 535 730 577 769; x_wconf 91' lang='lat' dir='ltr'>in</span> <span class='ocrx_word' id='word_1_57' title='bbox 619 729 868 769; x_wconf 88' lang='lat' dir='ltr'>monasterii</span> <span class='ocrx_word' id='word_1_58' title='bbox 907 726 1071 768; x_wconf 90' lang='lat' dir='ltr'>foribus</span> <span class='ocrx_word' id='word_1_59' title='bbox 1107 728 1449 780; x_wconf 91' lang='lat' dir='ltr'>propinquasset,</span> <span class='ocrx_word' id='word_1_60' title='bbox 1485 723 1716 778; x_wconf 87' lang='lat' dir='ltr'>spiritualis</span> 
     </span>
     <span class='ocr_line' id='line_1_9' title="bbox 177 795 1717 853; baseline -0.005 -12"><span class='ocrx_word' id='word_1_61' title='bbox 177 806 300 853; x_wconf 89' lang='lat' dir='ltr'>pater</span> <span class='ocrx_word' id='word_1_62' title='bbox 322 800 512 840; x_wconf 90' lang='lat' dir='ltr'>eiusdem</span> <span class='ocrx_word' id='word_1_63' title='bbox 535 798 785 839; x_wconf 89' lang='lat' dir='ltr'>monasterii</span> <span class='ocrx_word' id='word_1_64' title='bbox 814 802 963 849; x_wconf 91' lang='lat' dir='ltr'>aperte</span> <span class='ocrx_word' id='word_1_65' title='bbox 990 796 1158 849; x_wconf 80' lang='lat' dir='ltr'>magnis</span> <span class='ocrx_word' id='word_1_66' title='bbox 1179 795 1354 836; x_wconf 87' lang='lat' dir='ltr'>vocibus</span> <span class='ocrx_word' id='word_1_67' title='bbox 1376 795 1562 835; x_wconf 89' lang='lat' dir='ltr'>clamare</span> <span class='ocrx_word' id='word_1_68' title='bbox 1582 795 1717 847; x_wconf 88' lang='lat' dir='ltr'>cepit:</span> 
     </span>
     <span class='ocr_line' id='line_1_10' title="bbox 179 863 1718 920; baseline -0.005 -10"><span class='ocrx_word' id='word_1_69' title='bbox 179 872 188 888; x_wconf 84' lang='lat'><em>‘</em></span> <span class='ocrx_word' id='word_1_70' title='bbox 205 868 383 920; x_wconf 85' lang='lat' dir='ltr'>Currite,</span> <span class='ocrx_word' id='word_1_71' title='bbox 400 866 576 908; x_wconf 87' lang='lat' dir='ltr'>currite!</span> <span class='ocrx_word' id='word_1_72' title='bbox 599 867 746 906; x_wconf 90' lang='lat' dir='ltr'>ianuas</span> <span class='ocrx_word' id='word_1_73' title='bbox 764 865 1014 906; x_wconf 89' lang='lat' dir='ltr'>monasterii</span> <span class='ocrx_word' id='word_1_74' title='bbox 1036 865 1212 917; x_wconf 91' lang='lat' dir='ltr'>aperite,</span> <span class='ocrx_word' id='word_1_75' title='bbox 1231 865 1330 916; x_wconf 91' lang='lat' dir='ltr'>quia</span> <span class='ocrx_word' id='word_1_76' title='bbox 1350 863 1479 904; x_wconf 89' lang='lat' dir='ltr'>frater</span> <span class='ocrx_word' id='word_1_77' title='bbox 1502 863 1718 903; x_wconf 89' lang='lat' dir='ltr'>Martirius</span> 
     </span>
     <span class='ocr_line' id='line_1_11' title="bbox 175 932 1718 989; baseline -0.005 -11"><span class='ocrx_word' id='word_1_78' title='bbox 175 939 294 978; x_wconf 88' lang='lat' dir='ltr'>venit</span> <span class='ocrx_word' id='word_1_79' title='bbox 325 938 561 978; x_wconf 91' lang='lat' dir='ltr'>Dominum</span> <span class='ocrx_word' id='word_1_80' title='bbox 595 934 808 989; x_wconf 87' lang='lat' dir='ltr'>portans&#39;.</span> <span class='ocrx_word' id='word_1_81' title='bbox 871 933 1030 976; x_wconf 84' lang='lat' dir='ltr'>Statim</span> <span class='ocrx_word' id='word_1_82' title='bbox 1056 946 1159 973; x_wconf 91' lang='lat' dir='ltr'>vero</span> <span class='ocrx_word' id='word_1_83' title='bbox 1186 939 1234 973; x_wconf 90' lang='lat' dir='ltr'>ut</span> <span class='ocrx_word' id='word_1_84' title='bbox 1264 933 1483 972; x_wconf 89' lang='lat' dir='ltr'>Martirius</span> <span class='ocrx_word' id='word_1_85' title='bbox 1511 932 1564 972; x_wconf 90' lang='lat' dir='ltr'>ad</span> <span class='ocrx_word' id='word_1_86' title='bbox 1594 945 1718 972; x_wconf 90' lang='lat' dir='ltr'>mon-</span> 
     </span>
     <span class='ocr_line' id='line_1_12' title="bbox 177 1000 1716 1058; baseline -0.005 -11"><span class='ocrx_word' id='word_1_87' title='bbox 177 1008 320 1047; x_wconf 90' lang='lat' dir='ltr'>asterii</span> <span class='ocrx_word' id='word_1_88' title='bbox 357 1007 520 1047; x_wconf 89' lang='lat' dir='ltr'>aditum</span> <span class='ocrx_word' id='word_1_89' title='bbox 556 1005 761 1058; x_wconf 87' lang='lat' dir='ltr'>pervenit,</span> <span class='ocrx_word' id='word_1_90' title='bbox 799 1002 858 1044; x_wconf 84' lang='lat' dir='ltr'>is¹</span> <span class='ocrx_word' id='word_1_91' title='bbox 893 1004 964 1056; x_wconf 89' lang='lat' dir='ltr'>qui</span> <span class='ocrx_word' id='word_1_92' title='bbox 996 1003 1187 1056; x_wconf 87' lang='lat' dir='ltr'>leprosus</span> <span class='ocrx_word' id='word_1_93' title='bbox 1221 1015 1314 1042; x_wconf 91' lang='lat' dir='ltr'>esse</span> <span class='ocrx_word' id='word_1_94' title='bbox 1345 1001 1578 1050; x_wconf 87' lang='lat' dir='ltr'>videbatur,</span> <span class='ocrx_word' id='word_1_95' title='bbox 1613 1000 1716 1053; x_wconf 84' lang='lat' dir='ltr'><em>[fol.</em></span> 
     </span>
     <span class='ocr_line' id='line_1_13' title="bbox 174 1072 1718 1130; baseline -0.005 -13"><span class='ocrx_word' id='word_1_96' title='bbox 174 1075 276 1130; x_wconf 77' lang='lat' dir='ltr'><em>69b]</em></span> <span class='ocrx_word' id='word_1_97' title='bbox 317 1077 371 1116; x_wconf 91' lang='lat' dir='ltr'>de</span> <span class='ocrx_word' id='word_1_98' title='bbox 411 1074 522 1116; x_wconf 90' lang='lat' dir='ltr'>collo</span> <span class='ocrx_word' id='word_1_99' title='bbox 566 1074 656 1114; x_wconf 86' lang='lat' dir='ltr'>eius</span> <span class='ocrx_word' id='word_1_100' title='bbox 701 1073 895 1122; x_wconf 84' lang='lat' dir='ltr'>exiliens,</span> <span class='ocrx_word' id='word_1_101' title='bbox 936 1078 980 1113; x_wconf 92' lang='lat' dir='ltr'>et</span> <span class='ocrx_word' id='word_1_102' title='bbox 1022 1073 1064 1112; x_wconf 90' lang='lat' dir='ltr'>in</span> <span class='ocrx_word' id='word_1_103' title='bbox 1106 1085 1157 1112; x_wconf 90' lang='lat' dir='ltr'>ea</span> <span class='ocrx_word' id='word_1_104' title='bbox 1198 1072 1340 1124; x_wconf 91' lang='lat' dir='ltr'>specie</span> <span class='ocrx_word' id='word_1_105' title='bbox 1379 1082 1593 1124; x_wconf 89' lang='lat' dir='ltr'>apparens</span> <span class='ocrx_word' id='word_1_106' title='bbox 1633 1083 1718 1123; x_wconf 89' lang='lat' dir='ltr'>qua</span> 
     </span>
     <span class='ocr_line' id='line_1_14' title="bbox 176 1140 1716 1198; baseline -0.004 -13"><span class='ocrx_word' id='word_1_107' title='bbox 176 1145 423 1198; x_wconf 81' lang='lat' dir='ltr'>recognosci</span> <span class='ocrx_word' id='word_1_108' title='bbox 468 1142 522 1183; x_wconf 90' lang='lat' dir='ltr'>ab</span> <span class='ocrx_word' id='word_1_109' title='bbox 567 1142 811 1183; x_wconf 90' lang='lat' dir='ltr'>hominibus</span> <span class='ocrx_word' id='word_1_110' title='bbox 857 1142 966 1182; x_wconf 91' lang='lat' dir='ltr'>solet</span> <span class='ocrx_word' id='word_1_111' title='bbox 1011 1142 1280 1194; x_wconf 82' lang='lat' dir='ltr'>Redemptor</span> <span class='ocrx_word' id='word_1_112' title='bbox 1321 1141 1497 1180; x_wconf 88' lang='lat' dir='ltr'>humani</span> <span class='ocrx_word' id='word_1_113' title='bbox 1536 1140 1716 1192; x_wconf 84' lang='lat' dir='ltr'>generis,</span> 
     </span>
     <span class='ocr_line' id='line_1_15' title="bbox 177 1208 1720 1262; baseline -0.005 -7"><span class='ocrx_word' id='word_1_114' title='bbox 177 1215 295 1255; x_wconf 90' lang='lat' dir='ltr'>Deus</span> <span class='ocrx_word' id='word_1_115' title='bbox 331 1219 373 1253; x_wconf 93' lang='lat' dir='ltr'>et</span> <span class='ocrx_word' id='word_1_116' title='bbox 407 1213 541 1253; x_wconf 89' lang='lat' dir='ltr'>homo</span> <span class='ocrx_word' id='word_1_117' title='bbox 580 1211 697 1252; x_wconf 88' lang='lat' dir='ltr'>Iesus</span> <span class='ocrx_word' id='word_1_118' title='bbox 741 1211 948 1261; x_wconf 88' lang='lat' dir='ltr'>Christus,</span> <span class='ocrx_word' id='word_1_119' title='bbox 983 1210 1038 1251; x_wconf 89' lang='lat' dir='ltr'>ad</span> <span class='ocrx_word' id='word_1_120' title='bbox 1074 1211 1210 1251; x_wconf 91' lang='lat' dir='ltr'>celum</span> <span class='ocrx_word' id='word_1_121' title='bbox 1256 1210 1452 1250; x_wconf 89' lang='lat' dir='ltr'>Martirio</span> <span class='ocrx_word' id='word_1_122' title='bbox 1487 1208 1720 1262; x_wconf 86' lang='lat' dir='ltr'>aspiciente</span> 
     </span>
     <span class='ocr_line' id='line_1_16' title="bbox 175 1278 1718 1334; baseline -0.004 -10"><span class='ocrx_word' id='word_1_123' title='bbox 175 1283 435 1332; x_wconf 89' lang='lat' dir='ltr'>conscendit,</span> <span class='ocrx_word' id='word_1_124' title='bbox 476 1282 600 1334; x_wconf 92' lang='lat' dir='ltr'>eique</span> <span class='ocrx_word' id='word_1_125' title='bbox 633 1280 870 1321; x_wconf 89' lang='lat' dir='ltr'>ascendens</span> <span class='ocrx_word' id='word_1_126' title='bbox 907 1279 1102 1321; x_wconf 85' lang='lat' dir='ltr'>Christus</span> <span class='ocrx_word' id='word_1_127' title='bbox 1137 1279 1279 1320; x_wconf 83' lang='lat' dir='ltr'>dixit:</span> <span class='ocrx_word' id='word_1_128' title='bbox 1317 1278 1525 1327; x_wconf 87' lang='lat' dir='ltr'>‘Martiri,</span> <span class='ocrx_word' id='word_1_129' title='bbox 1564 1285 1611 1318; x_wconf 89' lang='lat' dir='ltr'>tu</span> <span class='ocrx_word' id='word_1_130' title='bbox 1648 1291 1718 1318; x_wconf 90' lang='lat' dir='ltr'>me</span> 
     </span>
     <span class='ocr_line' id='line_1_17' title="bbox 175 1347 1720 1403; baseline -0.003 -11"><span class='ocrx_word' id='word_1_131' title='bbox 175 1366 262 1393; x_wconf 91' lang='lat' dir='ltr'>non</span> <span class='ocrx_word' id='word_1_132' title='bbox 287 1351 491 1392; x_wconf 90' lang='lat' dir='ltr'>erubuisti</span> <span class='ocrx_word' id='word_1_133' title='bbox 511 1363 637 1403; x_wconf 91' lang='lat' dir='ltr'>super</span> <span class='ocrx_word' id='word_1_134' title='bbox 658 1356 816 1390; x_wconf 90' lang='lat' dir='ltr'>terram</span> <span class='ocrx_word' id='word_1_135' title='bbox 834 1364 843 1400; x_wconf 90' lang='lat'><strong>;</strong></span> <span class='ocrx_word' id='word_1_136' title='bbox 875 1362 956 1402; x_wconf 84' lang='lat' dir='ltr'>ego</span> <span class='ocrx_word' id='word_1_137' title='bbox 977 1355 1020 1389; x_wconf 91' lang='lat' dir='ltr'>te</span> <span class='ocrx_word' id='word_1_138' title='bbox 1041 1363 1126 1389; x_wconf 93' lang='lat' dir='ltr'>non</span> <span class='ocrx_word' id='word_1_139' title='bbox 1148 1348 1396 1389; x_wconf 89' lang='lat' dir='ltr'>erubescam</span> <span class='ocrx_word' id='word_1_140' title='bbox 1422 1362 1548 1401; x_wconf 92' lang='lat' dir='ltr'>super</span> <span class='ocrx_word' id='word_1_141' title='bbox 1572 1347 1686 1388; x_wconf 92' lang='lat' dir='ltr'>celos</span> <span class='ocrx_word' id='word_1_142' title='bbox 1701 1347 1720 1388; x_wconf 93' lang='lat'>&#39;.</span> 
     </span>
     <span class='ocr_line' id='line_1_18' title="bbox 179 1418 1722 1475; baseline -0.003 -13"><span class='ocrx_word' id='word_1_143' title='bbox 179 1421 264 1475; x_wconf 81' lang='lat' dir='ltr'>Qui</span> <span class='ocrx_word' id='word_1_144' title='bbox 298 1426 470 1462; x_wconf 90' lang='lat' dir='ltr'>sanctus</span> <span class='ocrx_word' id='word_1_145' title='bbox 506 1420 569 1460; x_wconf 88' lang='lat' dir='ltr'>vir</span> <span class='ocrx_word' id='word_1_146' title='bbox 604 1432 709 1459; x_wconf 90' lang='lat' dir='ltr'>mox</span> <span class='ocrx_word' id='word_1_147' title='bbox 741 1425 788 1459; x_wconf 92' lang='lat' dir='ltr'>ut</span> <span class='ocrx_word' id='word_1_148' title='bbox 820 1424 887 1459; x_wconf 92' lang='lat' dir='ltr'>est</span> <span class='ocrx_word' id='word_1_149' title='bbox 922 1418 1228 1458; x_wconf 89' lang='lat' dir='ltr'>monasterium</span> <span class='ocrx_word' id='word_1_150' title='bbox 1266 1419 1492 1470; x_wconf 85' lang='lat' dir='ltr'>ingressus,</span> <span class='ocrx_word' id='word_1_151' title='bbox 1528 1418 1565 1457; x_wconf 92' lang='lat' dir='ltr'>ei</span> <span class='ocrx_word' id='word_1_152' title='bbox 1598 1423 1722 1470; x_wconf 91' lang='lat' dir='ltr'>pater</span> 
     </span>
     <span class='ocr_line' id='line_1_19' title="bbox 178 1486 1719 1540; baseline -0.003 -8"><span class='ocrx_word' id='word_1_153' title='bbox 178 1491 425 1532; x_wconf 88' lang='lat' dir='ltr'>monasterii</span> <span class='ocrx_word' id='word_1_154' title='bbox 467 1489 599 1530; x_wconf 85' lang='lat' dir='ltr'>dixit:</span> <span class='ocrx_word' id='word_1_155' title='bbox 645 1489 822 1529; x_wconf 84' lang='lat' dir='ltr'>‘Frater</span> <span class='ocrx_word' id='word_1_156' title='bbox 865 1488 1045 1537; x_wconf 89' lang='lat' dir='ltr'>Martiri‚</span> <span class='ocrx_word' id='word_1_157' title='bbox 1082 1487 1153 1528; x_wconf 93' lang='lat' dir='ltr'>ubi</span> <span class='ocrx_word' id='word_1_158' title='bbox 1188 1493 1253 1527; x_wconf 93' lang='lat' dir='ltr'>est</span> <span class='ocrx_word' id='word_1_159' title='bbox 1289 1499 1415 1540; x_wconf 88' lang='lat' dir='ltr'>quem</span> <span class='ocrx_word' id='word_1_160' title='bbox 1460 1486 1719 1539; x_wconf 88' lang='lat' dir='ltr'>portabas?&#39;</span> 
     </span>
     <span class='ocr_line' id='line_1_20' title="bbox 178 1557 1721 1612; baseline -0.003 -11"><span class='ocrx_word' id='word_1_161' title='bbox 178 1561 259 1602; x_wconf 90' lang='lat' dir='ltr'>Cui</span> <span class='ocrx_word' id='word_1_162' title='bbox 300 1560 370 1600; x_wconf 91' lang='lat' dir='ltr'>ille</span> <span class='ocrx_word' id='word_1_163' title='bbox 410 1559 632 1612; x_wconf 88' lang='lat' dir='ltr'>respondit</span> <span class='ocrx_word' id='word_1_164' title='bbox 665 1559 836 1598; x_wconf 84' lang='lat' dir='ltr'>dicens:</span> <span class='ocrx_word' id='word_1_165' title='bbox 877 1557 999 1610; x_wconf 85' lang='lat' dir='ltr'>‘Ego</span> <span class='ocrx_word' id='word_1_166' title='bbox 1035 1558 1070 1596; x_wconf 88' lang='lat' dir='ltr'>si</span> <span class='ocrx_word' id='word_1_167' title='bbox 1106 1557 1256 1597; x_wconf 89' lang='lat' dir='ltr'>scirem</span> <span class='ocrx_word' id='word_1_168' title='bbox 1294 1557 1387 1609; x_wconf 93' lang='lat' dir='ltr'>quis</span> <span class='ocrx_word' id='word_1_169' title='bbox 1424 1562 1547 1605; x_wconf 93' lang='lat' dir='ltr'>esset,</span> <span class='ocrx_word' id='word_1_170' title='bbox 1589 1557 1721 1609; x_wconf 92' lang='lat' dir='ltr'>pedes</span> 
     </span>
     <span class='ocr_line' id='line_1_21' title="bbox 177 1625 1721 1679; baseline -0.003 -10"><span class='ocrx_word' id='word_1_171' title='bbox 177 1631 266 1669; x_wconf 93' lang='lat' dir='ltr'>eius</span> <span class='ocrx_word' id='word_1_172' title='bbox 308 1629 540 1670; x_wconf 90' lang='lat' dir='ltr'>tenuissem</span> <span class='ocrx_word' id='word_1_173' title='bbox 555 1627 575 1669; x_wconf 90' lang='lat'>’.</span> <span class='ocrx_word' id='word_1_174' title='bbox 655 1627 778 1667; x_wconf 90' lang='lat' dir='ltr'>Tunc</span> <span class='ocrx_word' id='word_1_175' title='bbox 820 1626 934 1666; x_wconf 90' lang='lat' dir='ltr'>idem</span> <span class='ocrx_word' id='word_1_176' title='bbox 977 1626 1197 1666; x_wconf 87' lang='lat' dir='ltr'>Martirius</span> <span class='ocrx_word' id='word_1_177' title='bbox 1237 1625 1451 1673; x_wconf 89' lang='lat' dir='ltr'>narrabat,</span> <span class='ocrx_word' id='word_1_178' title='bbox 1486 1626 1584 1679; x_wconf 90' lang='lat' dir='ltr'>quia</span> <span class='ocrx_word' id='word_1_179' title='bbox 1624 1638 1721 1666; x_wconf 92' lang='lat' dir='ltr'>cum</span> 
     </span>
     <span class='ocr_line' id='line_1_22' title="bbox 179 1694 1718 1750; baseline -0.003 -12"><span class='ocrx_word' id='word_1_180' title='bbox 179 1712 276 1738; x_wconf 91' lang='lat' dir='ltr'>eum</span> <span class='ocrx_word' id='word_1_181' title='bbox 313 1702 567 1750; x_wconf 87' lang='lat' dir='ltr'>portassem,</span> <span class='ocrx_word' id='word_1_182' title='bbox 605 1697 773 1749; x_wconf 87' lang='lat' dir='ltr'>pondus</span> <span class='ocrx_word' id='word_1_183' title='bbox 809 1697 897 1736; x_wconf 91' lang='lat' dir='ltr'>eius</span> <span class='ocrx_word' id='word_1_184' title='bbox 934 1694 1112 1735; x_wconf 90' lang='lat' dir='ltr'>minime</span> <span class='ocrx_word' id='word_1_185' title='bbox 1147 1695 1376 1744; x_wconf 88' lang='lat' dir='ltr'>sentirem;</span> <span class='ocrx_word' id='word_1_186' title='bbox 1423 1707 1501 1735; x_wconf 91' lang='lat' dir='ltr'>nec</span> <span class='ocrx_word' id='word_1_187' title='bbox 1537 1696 1718 1744; x_wconf 90' lang='lat' dir='ltr'>mirum;</span> 
     </span>
     <span class='ocr_line' id='line_1_23' title="bbox 178 1763 1721 1820; baseline -0.001 -13"><span class='ocrx_word' id='word_1_188' title='bbox 178 1767 400 1820; x_wconf 91' lang='lat' dir='ltr'>quomodo</span> <span class='ocrx_word' id='word_1_189' title='bbox 422 1767 538 1806; x_wconf 91' lang='lat' dir='ltr'>enim</span> <span class='ocrx_word' id='word_1_190' title='bbox 560 1766 729 1818; x_wconf 90' lang='lat' dir='ltr'>pondus</span> <span class='ocrx_word' id='word_1_191' title='bbox 752 1766 913 1805; x_wconf 90' lang='lat' dir='ltr'>sentire</span> <span class='ocrx_word' id='word_1_192' title='bbox 934 1770 1106 1817; x_wconf 87' lang='lat' dir='ltr'>poterat</span> <span class='ocrx_word' id='word_1_193' title='bbox 1127 1764 1198 1817; x_wconf 92' lang='lat' dir='ltr'>qui</span> <span class='ocrx_word' id='word_1_194' title='bbox 1220 1770 1467 1817; x_wconf 87' lang='lat' dir='ltr'>portantem</span> <span class='ocrx_word' id='word_1_195' title='bbox 1490 1763 1721 1816; x_wconf 90' lang='lat' dir='ltr'>portabat?</span> 
     </span>
     <span class='ocr_line' id='line_1_24' title="bbox 178 1833 1722 1890; baseline -0.002 -14"><span class='ocrx_word' id='word_1_196' title='bbox 178 1836 277 1890; x_wconf 75' lang='lat' dir='ltr'>Qua</span> <span class='ocrx_word' id='word_1_197' title='bbox 308 1837 351 1876; x_wconf 92' lang='lat' dir='ltr'>in</span> <span class='ocrx_word' id='word_1_198' title='bbox 384 1849 429 1875; x_wconf 95' lang='lat' dir='ltr'>re</span> <span class='ocrx_word' id='word_1_199' title='bbox 459 1834 730 1888; x_wconf 89' lang='lat' dir='ltr'>pensandum</span> <span class='ocrx_word' id='word_1_200' title='bbox 761 1834 886 1875; x_wconf 90' lang='lat' dir='ltr'>nobis</span> <span class='ocrx_word' id='word_1_201' title='bbox 918 1840 983 1874; x_wconf 92' lang='lat' dir='ltr'>est</span> <span class='ocrx_word' id='word_1_202' title='bbox 1013 1839 1221 1886; x_wconf 90' lang='lat' dir='ltr'>quantum</span> <span class='ocrx_word' id='word_1_203' title='bbox 1252 1833 1441 1873; x_wconf 88' lang='lat' dir='ltr'>fraterna</span> <span class='ocrx_word' id='word_1_204' title='bbox 1476 1834 1722 1886; x_wconf 90' lang='lat' dir='ltr'>compassio</span> 
     </span>
     <span class='ocr_line' id='line_1_25' title="bbox 177 1901 1721 1958; baseline -0.003 -13"><span class='ocrx_word' id='word_1_205' title='bbox 177 1905 332 1953; x_wconf 87' lang='lat' dir='ltr'>valeat,</span> <span class='ocrx_word' id='word_1_206' title='bbox 369 1909 579 1958; x_wconf 90' lang='lat' dir='ltr'>quantum</span> <span class='ocrx_word' id='word_1_207' title='bbox 621 1917 699 1944; x_wconf 92' lang='lat' dir='ltr'>nos</span> <span class='ocrx_word' id='word_1_208' title='bbox 747 1904 1036 1956; x_wconf 86' lang='lat' dir='ltr'>omnipotenti</span> <span class='ocrx_word' id='word_1_209' title='bbox 1084 1902 1182 1943; x_wconf 92' lang='lat' dir='ltr'>Deo</span> <span class='ocrx_word' id='word_1_210' title='bbox 1227 1901 1519 1942; x_wconf 90' lang='lat' dir='ltr'>misericordie</span> <span class='ocrx_word' id='word_1_211' title='bbox 1559 1903 1721 1942; x_wconf 84' lang='lat' dir='ltr'>viscera</span> 
     </span>
     <span class='ocr_line' id='line_1_26' title="bbox 177 1972 1720 2027; baseline -0.003 -12"><span class='ocrx_word' id='word_1_212' title='bbox 177 1975 452 2027; x_wconf 83' lang='lat' dir='ltr'>coniungant.</span> <span class='ocrx_word' id='word_1_213' title='bbox 516 1973 623 2013; x_wconf 91' lang='lat' dir='ltr'>Inde</span> <span class='ocrx_word' id='word_1_214' title='bbox 654 1973 770 2013; x_wconf 93' lang='lat' dir='ltr'>enim</span> <span class='ocrx_word' id='word_1_215' title='bbox 792 1973 842 2021; x_wconf 92' lang='lat' dir='ltr'>ei,</span> <span class='ocrx_word' id='word_1_216' title='bbox 864 1973 935 2025; x_wconf 89' lang='lat' dir='ltr'>qui</span> <span class='ocrx_word' id='word_1_217' title='bbox 956 1978 1022 2013; x_wconf 91' lang='lat' dir='ltr'>est</span> <span class='ocrx_word' id='word_1_218' title='bbox 1042 1985 1168 2025; x_wconf 90' lang='lat' dir='ltr'>super</span> <span class='ocrx_word' id='word_1_219' title='bbox 1189 1973 1348 2021; x_wconf 90' lang='lat' dir='ltr'>omnia,</span> <span class='ocrx_word' id='word_1_220' title='bbox 1369 1972 1720 2025; x_wconf 86' lang='lat' dir='ltr'>propinquamus,</span> 
     </span>
     <span class='ocr_line' id='line_1_27' title="bbox 179 2040 1721 2096; baseline -0.003 -12"><span class='ocrx_word' id='word_1_221' title='bbox 179 2044 293 2084; x_wconf 90' lang='lat' dir='ltr'>unde</span> <span class='ocrx_word' id='word_1_222' title='bbox 313 2056 392 2084; x_wconf 92' lang='lat' dir='ltr'>nos</span> <span class='ocrx_word' id='word_1_223' title='bbox 413 2057 489 2096; x_wconf 91' lang='lat' dir='ltr'>per</span> <span class='ocrx_word' id='word_1_224' title='bbox 510 2043 858 2096; x_wconf 87' lang='lat' dir='ltr'>compassionem</span> <span class='ocrx_word' id='word_1_225' title='bbox 891 2043 1081 2095; x_wconf 88' lang='lat' dir='ltr'>proximi</span> <span class='ocrx_word' id='word_1_226' title='bbox 1113 2041 1192 2081; x_wconf 90' lang='lat' dir='ltr'>sub</span> <span class='ocrx_word' id='word_1_227' title='bbox 1222 2042 1512 2094; x_wconf 89' lang='lat' dir='ltr'>nosmetipsos</span> <span class='ocrx_word' id='word_1_228' title='bbox 1541 2040 1721 2094; x_wconf 86' lang='lat' dir='ltr'>deponi-</span> 
     </span>
     <span class='ocr_line' id='line_1_28' title="bbox 181 2110 1719 2164; baseline -0.003 -11"><span class='ocrx_word' id='word_1_229' title='bbox 181 2126 286 2153; x_wconf 77' lang='lat' dir='ltr'>mus,</span> <span class='ocrx_word' id='word_1_230' title='bbox 352 2112 404 2152; x_wconf 88' lang='lat' dir='ltr'>In</span> <span class='ocrx_word' id='word_1_231' title='bbox 425 2111 550 2153; x_wconf 91' lang='lat' dir='ltr'>rebus</span> <span class='ocrx_word' id='word_1_232' title='bbox 571 2110 862 2164; x_wconf 89' lang='lat' dir='ltr'>corporalibus</span> <span class='ocrx_word' id='word_1_233' title='bbox 884 2124 1015 2151; x_wconf 89' lang='lat' dir='ltr'>nemo</span> <span class='ocrx_word' id='word_1_234' title='bbox 1036 2110 1125 2150; x_wconf 91' lang='lat' dir='ltr'>alta</span> <span class='ocrx_word' id='word_1_235' title='bbox 1148 2111 1286 2163; x_wconf 83' lang='lat' dir='ltr'>tangit</span> <span class='ocrx_word' id='word_1_236' title='bbox 1306 2111 1388 2150; x_wconf 91' lang='lat' dir='ltr'>nisi</span> <span class='ocrx_word' id='word_1_237' title='bbox 1410 2110 1482 2162; x_wconf 91' lang='lat' dir='ltr'>qui</span> <span class='ocrx_word' id='word_1_238' title='bbox 1504 2110 1719 2159; x_wconf 76' lang='lat' dir='ltr'>tenditur3</span> 
     </span>
     <span class='ocr_line' id='line_1_29' title="bbox 181 2180 1722 2235; baseline -0.002 -13"><span class='ocrx_word' id='word_1_239' title='bbox 181 2184 222 2222; x_wconf 90' lang='lat' dir='ltr'>in</span> <span class='ocrx_word' id='word_1_240' title='bbox 260 2182 383 2223; x_wconf 93' lang='lat' dir='ltr'>rebus</span> <span class='ocrx_word' id='word_1_241' title='bbox 416 2195 518 2222; x_wconf 86' lang='lat' dir='ltr'>vero</span> <span class='ocrx_word' id='word_1_242' title='bbox 553 2181 845 2235; x_wconf 89' lang='lat' dir='ltr'>spiritualibus</span> <span class='ocrx_word' id='word_1_243' title='bbox 881 2187 1044 2221; x_wconf 90' lang='lat' dir='ltr'>certum</span> <span class='ocrx_word' id='word_1_244' title='bbox 1080 2186 1144 2220; x_wconf 89' lang='lat' dir='ltr'>est</span> <span class='ocrx_word' id='word_1_245' title='bbox 1177 2182 1286 2233; x_wconf 89' lang='lat' dir='ltr'>quia,</span> <span class='ocrx_word' id='word_1_246' title='bbox 1321 2186 1484 2232; x_wconf 89' lang='lat' dir='ltr'>quanto</span> <span class='ocrx_word' id='word_1_247' title='bbox 1516 2180 1610 2232; x_wconf 89' lang='lat' dir='ltr'>plus</span> <span class='ocrx_word' id='word_1_248' title='bbox 1645 2193 1722 2232; x_wconf 92' lang='lat' dir='ltr'>per</span> 
     </span>
     <span class='ocr_line' id='line_1_30' title="bbox 178 2249 1720 2304; baseline -0.003 -12"><span class='ocrx_word' id='word_1_249' title='bbox 178 2252 525 2304; x_wconf 86' lang='lat' dir='ltr'>compassionem</span> <span class='ocrx_word' id='word_1_250' title='bbox 557 2250 824 2300; x_wconf 81' lang='lat' dir='ltr'>attrahimur,</span> <span class='ocrx_word' id='word_1_251' title='bbox 857 2256 980 2291; x_wconf 90' lang='lat' dir='ltr'>tanto</span> <span class='ocrx_word' id='word_1_252' title='bbox 1010 2249 1108 2290; x_wconf 89' lang='lat' dir='ltr'>altis</span> <span class='ocrx_word' id='word_1_253' title='bbox 1140 2251 1546 2302; x_wconf 73' lang='lat' dir='ltr'>appropinquamus</span> <span class='ocrx_word' id='word_1_254' title='bbox 1608 2249 1720 2289; x_wconf 90' lang='lat' dir='ltr'>Ecce</span> 
     </span>
     <span class='ocr_line' id='line_1_31' title="bbox 180 2318 1718 2374; baseline -0.001 -14"><span class='ocrx_word' id='word_1_255' title='bbox 180 2327 324 2361; x_wconf 86' lang='lat' dir='ltr'>autem</span> <span class='ocrx_word' id='word_1_256' title='bbox 357 2321 644 2373; x_wconf 86' lang='lat' dir='ltr'>Redemptori</span> <span class='ocrx_word' id='word_1_257' title='bbox 674 2321 841 2374; x_wconf 82' lang='lat' dir='ltr'>generis</span> <span class='ocrx_word' id='word_1_258' title='bbox 871 2321 1050 2360; x_wconf 87' lang='lat' dir='ltr'>humani</span> <span class='ocrx_word' id='word_1_259' title='bbox 1083 2321 1137 2360; x_wconf 90' lang='lat' dir='ltr'>ad</span> <span class='ocrx_word' id='word_1_260' title='bbox 1172 2318 1493 2359; x_wconf 89' lang='lat' dir='ltr'>edificacionem</span> <span class='ocrx_word' id='word_1_261' title='bbox 1525 2324 1718 2358; x_wconf 90' lang='lat' dir='ltr'>nostram</span> 
     </span>
     <span class='ocr_line' id='line_1_32' title="bbox 181 2389 1721 2444; baseline -0.001 -15"><span class='ocrx_word' id='word_1_262' title='bbox 181 2390 360 2430; x_wconf 89' lang='lat' dir='ltr'>minime</span> <span class='ocrx_word' id='word_1_263' title='bbox 405 2389 560 2430; x_wconf 89' lang='lat' dir='ltr'>sufficit</span> <span class='ocrx_word' id='word_1_264' title='bbox 603 2390 713 2444; x_wconf 92' lang='lat' dir='ltr'>quod</span> <span class='ocrx_word' id='word_1_265' title='bbox 758 2390 799 2429; x_wconf 89' lang='lat' dir='ltr'>in</span> <span class='ocrx_word' id='word_1_266' title='bbox 841 2395 1042 2429; x_wconf 88' lang='lat' dir='ltr'>extremo</span> <span class='ocrx_word' id='word_1_267' title='bbox 1088 2389 1243 2428; x_wconf 90' lang='lat' dir='ltr'>iudicio</span> <span class='ocrx_word' id='word_1_268' title='bbox 1287 2389 1500 2428; x_wconf 90' lang='lat' dir='ltr'>dicturum</span> <span class='ocrx_word' id='word_1_269' title='bbox 1543 2401 1588 2427; x_wconf 93' lang='lat' dir='ltr'>se</span> <span class='ocrx_word' id='word_1_270' title='bbox 1628 2401 1721 2427; x_wconf 91' lang='lat' dir='ltr'>esse</span> 
     </span>
     <span class='ocr_line' id='line_1_33' title="bbox 179 2457 1912 2511; baseline 0.001 -13"><span class='ocrx_word' id='word_1_271' title='bbox 179 2458 418 2511; x_wconf 72' lang='lat' dir='ltr'>perhibuit,</span> <span class='ocrx_word' id='word_1_272' title='bbox 455 2458 659 2508; x_wconf 62' lang='lat' dir='ltr'>Quamdiu</span> <span class='ocrx_word' id='word_1_273' title='bbox 670 2459 842 2510; x_wconf 74' lang='lat' dir='ltr'>fecistis</span> <span class='ocrx_word' id='word_1_274' title='bbox 863 2458 944 2498; x_wconf 74' lang='lat' dir='ltr'>um·</span> <span class='ocrx_word' id='word_1_275' title='bbox 962 2458 1012 2498; x_wconf 76' lang='lat' dir='ltr'>de</span> <span class='ocrx_word' id='word_1_276' title='bbox 1021 2458 1247 2510; x_wconf 68' lang='lat' dir='ltr'>fratribus</span> <span class='ocrx_word' id='word_1_277' title='bbox 1274 2457 1362 2497; x_wconf 78' lang='lat' dir='ltr'>lzz&#39;is</span> <span class='ocrx_word' id='word_1_278' title='bbox 1387 2458 1492 2496; x_wconf 78' lang='lat' dir='ltr'>meis</span> <span class='ocrx_word' id='word_1_279' title='bbox 1513 2457 1718 2506; x_wconf 65' lang='lat'>7722&#39;722&#39;7722&#39;5&#39;,</span> <span class='ocrx_word' id='word_1_280' title='bbox 1736 2469 1820 2499; x_wconf 76' lang='lat' dir='ltr'>Mat.</span> <span class='ocrx_word' id='word_1_281' title='bbox 1838 2479 1912 2505; x_wconf 82' lang='lat' dir='ltr'>xxv,</span> 
     </span>
     <span class='ocr_line' id='line_1_34' title="bbox 181 2522 1785 2579; baseline -0.001 -12"><span class='ocrx_word' id='word_1_282' title='bbox 181 2527 295 2567; x_wconf 61' lang='lat' dir='ltr'>mila·</span> <span class='ocrx_word' id='word_1_283' title='bbox 316 2527 515 2578; x_wconf 75' lang='lat' dir='ltr'>fecistis.-</span> <span class='ocrx_word' id='word_1_284' title='bbox 548 2528 627 2567; x_wconf 87' lang='lat' dir='ltr'>nisi</span> <span class='ocrx_word' id='word_1_285' title='bbox 664 2534 764 2568; x_wconf 91' lang='lat' dir='ltr'>ante</span> <span class='ocrx_word' id='word_1_286' title='bbox 802 2527 1002 2567; x_wconf 90' lang='lat' dir='ltr'>iudicium</span> <span class='ocrx_word' id='word_1_287' title='bbox 1039 2527 1124 2567; x_wconf 88' lang='lat' dir='ltr'>hoc</span> <span class='ocrx_word' id='word_1_288' title='bbox 1158 2529 1199 2567; x_wconf 90' lang='lat' dir='ltr'>in</span> <span class='ocrx_word' id='word_1_289' title='bbox 1233 2541 1278 2567; x_wconf 89' lang='lat' dir='ltr'>se</span> <span class='ocrx_word' id='word_1_290' title='bbox 1312 2527 1570 2575; x_wconf 86' lang='lat' dir='ltr'>ostenderet,</span> <span class='ocrx_word' id='word_1_291' title='bbox 1604 2527 1718 2579; x_wconf 92' lang='lat' dir='ltr'>quod</span> <span class='ocrx_word' id='word_1_292' title='bbox 1734 2522 1785 2551; x_wconf 68' lang='lat'>40*</span> 
     </span>
     <span class='ocr_line' id='line_1_35' title="bbox 179 2596 1720 2650; baseline 0 -14"><span class='ocrx_word' id='word_1_293' title='bbox 179 2597 386 2647; x_wconf 70' lang='lat' dir='ltr'>dixisset,</span> <span class='ocrx_word' id='word_1_294' title='bbox 418 2602 465 2636; x_wconf 90' lang='lat' dir='ltr'>ut</span> <span class='ocrx_word' id='word_1_295' title='bbox 485 2596 681 2636; x_wconf 88' lang='lat' dir='ltr'>videlicet</span> <span class='ocrx_word' id='word_1_296' title='bbox 713 2597 1042 2646; x_wconf 87' lang='lat' dir='ltr'>demonstraret,</span> <span class='ocrx_word' id='word_1_297' title='bbox 1070 2598 1180 2650; x_wconf 90' lang='lat' dir='ltr'>quia,</span> <span class='ocrx_word' id='word_1_298' title='bbox 1208 2597 1397 2649; x_wconf 87' lang='lat' dir='ltr'>quisquis</span> <span class='ocrx_word' id='word_1_299' title='bbox 1429 2596 1720 2636; x_wconf 86' lang='lat' dir='ltr'>misericordie</span> 
     </span>
     <span class='ocr_line' id='line_1_36' title="bbox 180 2665 1718 2718; baseline -0.001 -12"><span class='ocrx_word' id='word_1_300' title='bbox 180 2665 296 2706; x_wconf 92' lang='lat' dir='ltr'>bona</span> <span class='ocrx_word' id='word_1_301' title='bbox 353 2679 485 2718; x_wconf 91' lang='lat' dir='ltr'>opera</span> <span class='ocrx_word' id='word_1_302' title='bbox 538 2665 828 2718; x_wconf 84' lang='lat' dir='ltr'>indigentibus</span> <span class='ocrx_word' id='word_1_303' title='bbox 881 2666 1059 2715; x_wconf 88' lang='lat' dir='ltr'>exibuit,</span> <span class='ocrx_word' id='word_1_304' title='bbox 1113 2667 1151 2706; x_wconf 91' lang='lat' dir='ltr'>ei</span> <span class='ocrx_word' id='word_1_305' title='bbox 1202 2665 1442 2718; x_wconf 87' lang='lat' dir='ltr'>specialiter</span> <span class='ocrx_word' id='word_1_306' title='bbox 1494 2666 1718 2718; x_wconf 87' lang='lat' dir='ltr'>impendit,</span> 
     </span>
     <span class='ocr_line' id='line_1_37' title="bbox 178 2734 1718 2787; baseline 0.001 -13"><span class='ocrx_word' id='word_1_307' title='bbox 178 2736 295 2775; x_wconf 91' lang='lat' dir='ltr'>cuius</span> <span class='ocrx_word' id='word_1_308' title='bbox 328 2734 405 2774; x_wconf 90' lang='lat' dir='ltr'>hec</span> <span class='ocrx_word' id='word_1_309' title='bbox 437 2748 587 2774; x_wconf 92' lang='lat' dir='ltr'>amore</span> <span class='ocrx_word' id='word_1_310' title='bbox 616 2734 1003 2777; x_wconf 89' lang='lat' dir='ltr'>exibuerit.—Iam</span> <span class='ocrx_word' id='word_1_311' title='bbox 1030 2735 1158 2775; x_wconf 88' lang='lat' dir='ltr'>flores</span> <span class='ocrx_word' id='word_1_312' title='bbox 1180 2735 1341 2787; x_wconf 90' lang='lat' dir='ltr'>aliquot</span> <span class='ocrx_word' id='word_1_313' title='bbox 1369 2734 1641 2787; x_wconf 91' lang='lat' dir='ltr'>exemplares</span> <span class='ocrx_word' id='word_1_314' title='bbox 1664 2735 1718 2775; x_wconf 89' lang='lat' dir='ltr'>ad</span> 
     </span>
     <span class='ocr_line' id='line_1_38' title="bbox 178 2803 1721 2858; baseline 0 -13"><span class='ocrx_word' id='word_1_315' title='bbox 178 2806 565 2845; x_wconf 86' lang='lat' dir='ltr'>comendacionem</span> <span class='ocrx_word' id='word_1_316' title='bbox 588 2805 847 2845; x_wconf 89' lang='lat' dir='ltr'>eleemosine</span> <span class='ocrx_word' id='word_1_317' title='bbox 868 2805 1155 2846; x_wconf 88' lang='lat' dir='ltr'>sacratissime</span> <span class='ocrx_word' id='word_1_318' title='bbox 1185 2803 1413 2858; x_wconf 85' lang='lat' dir='ltr'>occur[f0l.</span> <span class='ocrx_word' id='word_1_319' title='bbox 1437 2803 1639 2857; x_wconf 82' lang='lat' dir='ltr'>70a]runt</span> <span class='ocrx_word' id='word_1_320' title='bbox 1666 2805 1721 2845; x_wconf 93' lang='lat' dir='ltr'>de</span> 
     </span>
    </p>
   </div>
   <div class='ocr_carea' id='block_1_3' title="bbox 862 2897 1052 2930">
    <p class='ocr_par' dir='ltr' id='par_1_3' title="bbox 862 2897 1052 2930">
     <span class='ocr_line' id='line_1_39' title="bbox 862 2897 1052 2930; baseline 0.011 -2"><span class='ocrx_word' id='word_1_321' title='bbox 862 2897 872 2917; x_wconf 82' lang='lat'>¹</span> <span class='ocrx_word' id='word_1_322' title='bbox 884 2898 959 2929; x_wconf 88' lang='lat' dir='ltr'>MS.</span> <span class='ocrx_word' id='word_1_323' title='bbox 978 2898 1052 2930; x_wconf 91' lang='lat' dir='ltr'>hiis.</span> 
     </span>
    </p>
   </div>
  </div>
 </body>
</html>
