2052 3278
562 235 646 275 DE
681 210 1214 295 FESTIVITATIBRUS
1248 234 1421 275 B.V.M.
1699 246 1748 274 21

219 351 412 406 Virginis
448 350 660 392 celebrare
695 351 916 391 constituit
952 352 1006 391 ad
1045 351 1216 391 laudem
1255 350 1399 404 ipsius,
1436 350 1501 389 cui
1537 350 1674 389 honor
1710 355 1754 389 et

249 421 365 463 loria.

209 434 246 473 g
305 489 395 542 (36)
428 489 496 529 De
536 488 648 528 festo
686 489 817 527 etiam
858 488 1169 540 purificacionis
1208 467 1472 528 celebrando*
1510 488 1588 527 hec
1627 500 1754 527 causa
1769 492 1808 522 In
1827 492 1905 523 His-

215 558 372 610 scripta
391 558 599 611 reperitur
620 557 662 596 in
685 556 876 596 historiis
901 557 1214 597 ecclesiasticis.
1279 556 1541 597 Iustinianus
1571 557 1752 608 impera·
1766 536 1942 610 ἑῗζζζζεξε

215 632 293 676 tor,
324 641 420 668 cum
461 627 664 679 inciperet
704 625 918 667 humanus
953 639 1056 674 esse,
1097 625 1237 667 factus
1279 632 1345 666 est
1383 632 1537 679 postea
1576 625 1756 666 crudelis
1769 622 1882 664 eise).

212 694 423 736 hereticus
454 702 498 736 et
532 694 791 735 inhumanus
823 694 865 734 in
902 699 1072 735 tantum
1110 696 1234 748 quod,
1272 701 1318 735 ut
1350 695 1549 744 creditur,
1582 700 1757 748 propter

214 764 439 817 perfidiam
480 764 588 805 illius
628 770 670 804 et
710 763 1012 804 infidelitatem
1056 764 1183 803 tellus
1225 765 1401 813 exaruit,
1443 777 1564 817 seges
1609 777 1754 817 pauca,

214 834 363 874 messis
383 833 499 874 nulla
521 840 564 873 et
585 833 673 873 lues
695 839 824 885 atque
845 832 982 872 fames
1004 845 1165 885 magna
1186 832 1329 874 fiebat.
1394 833 1504 874 Cum
1526 839 1673 872 autem
1696 833 1756 872 ita

213 915 258 942 se
293 902 481 951 haberet,
517 903 811 954 excogitatum
848 907 913 942 est
948 914 1108 941 novum
1145 908 1189 941 et
1230 902 1479 942 indeficiens
1515 901 1755 941 remedium

212 972 325 1023 quod
348 977 413 1011 est
435 972 580 1025 regina
602 971 889 1012 misericordie
905 971 946 1010 in
963 984 1232 1023 quacumque
1248 970 1527 1011 tribulacione
1542 970 1757 1023 singulare

210 1046 252 1080 et
283 1053 512 1081 commune
543 1039 762 1093 refugium.
831 1040 949 1080 Dum
982 1053 1143 1093 ymago
1172 1040 1301 1081 beate
1331 1039 1524 1093 Virginis
1557 1043 1756 1092 portatur

211 1121 286 1160 per
305 1110 537 1158 civitatem,
566 1108 824 1162 ubicumque
850 1109 1096 1157 advenerat,
1127 1110 1288 1149 meritis
1316 1115 1360 1149 et
1390 1108 1585 1161 precibus
1617 1108 1756 1148 Marie

211 1176 406 1229 fugiebat
427 1179 570 1218 omnis
591 1177 818 1217 infirmitas
838 1184 882 1217 et
904 1179 1054 1217 messis
1077 1177 1206 1218 rediit
1221 1184 1351 1231 atque
1368 1177 1576 1217 fertilitas,
1632 1176 1757 1217 Tunc

212 1252 451 1286 statuerunt
491 1246 580 1287 fieri
617 1245 775 1286 festum
812 1246 1126 1299 purificacionis
1162 1247 1290 1287 beate
1333 1246 1472 1286 Marie
1512 1247 1753 1299 perquam

209 1314 502 1356 liberabantur
536 1315 592 1356 ab
628 1316 747 1355 omni
787 1316 934 1356 clade:
969 1316 1088 1368 quod
1130 1316 1285 1356 festum
1326 1322 1454 1356 antea
1490 1328 1577 1355 non
1613 1315 1754 1356 fiebat.

212 1383 367 1437 Sicque
395 1392 442 1425 ut
472 1384 633 1437 ubique
665 1391 871 1425 terrarum
902 1385 1023 1425 fieret
1049 1391 1258 1425 statutum
1287 1391 1351 1426 est
1379 1392 1422 1425 et
1452 1385 1753 1427 observatum:

210 1460 253 1493 et
281 1456 499 1507 signanter
527 1455 630 1495 illud
656 1455 811 1495 festum
844 1454 920 1495 fuit
948 1455 1085 1508 primo
1113 1456 1337 1496 inventum
1366 1456 1420 1495 ad
1448 1455 1752 1497 celebrandum

208 1523 307 1575 quia
349 1524 422 1563 tali
463 1530 656 1576 tempore
696 1529 1007 1564 consueverunt
1046 1524 1187 1564 Rome
1223 1531 1361 1566 totam
1399 1525 1619 1565 civitatem
1655 1539 1752 1565 cum

208 1593 342 1632 cereis
372 1599 416 1632 et
446 1592 629 1633 fascibus
661 1593 842 1632 lustrare
874 1606 992 1632 more
1023 1592 1169 1646 gentili
1203 1593 1433 1634 Christiani
1467 1593 1523 1633 de
1553 1594 1752 1646 gentibus

208 1662 427 1704 conversi:
461 1669 635 1715 propter
665 1662 747 1701 hoc
778 1661 955 1715 Sergius
987 1676 1100 1714 papa
1128 1662 1240 1703 hanc
1273 1676 1497 1703 erroneam
1527 1669 1751 1703 consuetu-

207 1731 352 1771 dinem
371 1732 554 1771 mutavit
570 1737 616 1771 ut
631 1727 785 1771 eodem
802 1738 997 1784 tempore
1013 1745 1163 1772 omnes
1182 1732 1415 1773 Christiani
1432 1733 1749 1785 processionem

205 1800 396 1840 facerent
418 1807 460 1840 et
480 1813 624 1840 cereos
639 1801 849 1840 ‘ardentes
871 1801 913 1840 in
937 1802 1194 1841 memoriam
1213 1802 1550 1854 presentacionis
1568 1801 1748 1841 Domini

206 1870 339 1909 nostri
365 1870 408 1908 in
441 1869 653 1922 templum
680 1869 879 1910 manibus
910 1869 1151 1911 haberent:
1186 1877 1229 1910 et
1260 1871 1341 1910 hoc
1373 1884 1450 1923 pro
1478 1871 1602 1923 signo
1634 1872 1748 1923 quod

205 1938 263 1978 ibi
299 1944 377 1978 est.
443 1938 494 1978 ln
531 1938 712 1978 candela
748 1940 865 1978 enim
906 1945 971 1978 est
1007 1940 1128 1991 ignis,
1162 1939 1342 1979 lichinus
1383 1945 1425 1980 et
1466 1953 1571 1981 cera.
1639 1939 1748 1980 Cera

203 2007 414 2060 significat
434 2020 608 2047 carnem
633 2007 791 2048 Christi
813 2008 868 2047 de
889 2008 1052 2060 virgine
1073 2015 1317 2061 sumptam3
1351 2009 1532 2048 lichinus
1554 2009 1745 2048 animam

203 2077 245 2116 in
282 2090 411 2116 carne
446 2077 692 2117 latitantem
729 2076 829 2129 [fol.
868 2076 992 2129 34a];
1028 2078 1137 2130 ignis
1173 2083 1216 2117 et
1253 2078 1397 2117 lumen
1435 2078 1745 2118 divinitatem.1

206 2145 399 2199 Explicit
427 2147 690 2199 exemplum.

294 2217 381 2267 (37)
417 2215 513 2268 Ego
544 2230 643 2256 vero
676 2216 760 2269 legi
790 2230 965 2256 causam
997 2217 1280 2257 institucionis
1313 2218 1435 2257 huius
1467 2217 1562 2257 festi
1594 2218 1635 2257 in
1666 2218 1745 2258 hec
1759 2233 1803 2263 H.
1823 2233 1863 2263 de
1881 2234 1915 2265 S.

202 2284 332 2325 verba
354 2286 396 2325 in
418 2285 526 2326 libro
547 2287 866 2339 exceptionum,
886 2287 952 2326 cui
974 2286 1084 2327 bene
1108 2286 1237 2326 fidem
1263 2286 1459 2327 adhibeo.
1525 2286 1744 2339 Tempore
1758 2276 1903 2351 {ffiffise’

204 2351 424 2391 Iusticiani
451 2352 540 2401 (sic)
570 2354 719 2405 magni
743 2352 857 2392 facta
885 2359 950 2393 est
974 2353 1237 2402 Bizancium,
1261 2353 1321 2393 i.e.
1351 2352 1466 2405 apud
1496 2353 1744 2394 Constanti·
1757 2363 1899 2411 Excerp-

200 2420 406 2473 nopolim‚
427 2421 666 2461 mortalitas
683 2434 853 2473 magna.
912 2420 1011 2473 Qua
1027 2422 1081 2461 de
1096 2435 1224 2463 causa
1240 2422 1393 2462 eodem
1410 2435 1524 2461 anno
1540 2421 1741 2462 celebrari
1755 2412 1896 2487 {ffissssff’

200 2489 499 2541 sollempnitas
521 2490 637 2542 cepit
657 2497 806 2530 sancte
829 2490 913 2530 Dei
938 2491 1166 2543 genetricis
1193 2490 1340 2540 Marie,
1367 2490 1526 2530 scilicet
1551 2491 1742 2542 purifica—

197 2558 333 2598 cionis
361 2558 497 2607 illius;
531 2564 583 2598 et'
600 2560 784 2599 cessavit
815 2560 1056 2600 mortalitas
1089 2560 1173 2601 illa.
1238 2559 1296 2599 Et
1331 2560 1408 2600 hec
1444 2559 1740 2613 sollempnitas

199 2626 380 2667 Domini
407 2640 531 2679 grece
556 2628 667 2668 solet
695 2629 908 2681 ypapanti
933 2629 1159 2679 nominari,
1193 2643 1244 2669 eo
1276 2629 1391 2681 quod
1427 2629 1508 2668 hac
1539 2629 1633 2681 ipsa
1668 2630 1739 2670 die

197 2696 328 2736 allato
365 2696 406 2735 in
444 2697 608 2749 templo
645 2697 839 2738 Domino
876 2696 1070 2751 Symeon
1105 2705 1147 2738 et
1188 2698 1322 2738 Anna
1357 2698 1394 2737 ei
1430 2697 1735 2740 obviaverunt:

194 2771 455 2818 ypapatesse
483 2766 599 2805 enim
627 2778 752 2818 grece
780 2766 910 2806 latine
938 2766 1110 2807 obviare
1136 2767 1299 2807 dicitur.
1365 2767 1558 2819 Explicit
1589 2780 1736 2808 exem-

194 2834 325 2885 plum.

811 2929 821 2949 ³
834 2931 908 2962 MS.
934 2931 1105 2962 v’inicate.
