2052 3278
623 209 708 251 DE
742 198 1182 250 ELEEMosYNA
1619 214 1668 256 75

136 326 405 374 obiecissent,
459 339 587 379 quam
643 325 906 365 horrendam
964 324 1224 364 sententiam
1283 321 1537 374 excepisset,
1593 320 1674 360 nisi

140 397 430 436 misericordia
469 394 745 435 subvenisset.
810 394 859 433 In
901 407 947 433 se
987 406 1091 446 ergo
1131 405 1323 432 reversus
1364 390 1557 431 dicebat:
1603 388 1674 430 ‘Si

138 478 246 505 unus
292 466 424 518 panis,
469 476 596 516 quem
644 463 707 502 ira
752 463 917 512 iactavi,
963 462 1024 502 ita
1069 461 1225 515 profuit
1271 460 1390 509 mihi,
1435 450 1459 499 a
1505 459 1676 511 quantis

140 532 261 574 malis
311 547 356 574 se
407 532 559 573 liberat
609 538 652 571 et
701 536 860 583 quanta
911 531 1026 571 bona
1078 536 1265 571 meretur
1316 530 1387 582 qui
1436 527 1583 568 tribuit
1634 527 1676 566 in

139 602 424 655 simplicitate,
465 601 537 654 qui
580 600 808 656 miseretur
847 601 890 639 in
930 599 1186 640 hillaritate:
1230 597 1413 638 hilarem
1451 597 1565 637 enim
1602 597 1723 638 da-II
1744 609 1823 640 Cor.

137 675 279 711 torem
315 671 455 724 diligit
491 670 609 709 Deus
624 667 644 709 '.
708 668 780 708 Ex
816 673 917 708 tunc
953 669 1098 721 itaque
1135 673 1324 708 mutatus
1360 673 1425 707 est
1460 667 1501 706 in
1539 666 1675 705 virum
1690 652 1731 689 ix,
1751 661 1780 691 7-

138 739 333 781 alterum.
407 739 501 779 Hec
542 744 685 778 autem
728 738 917 777 mutacio
957 737 1138 776 dextere
1178 736 1348 776 excelsi.
1415 735 1572 775 Factus
1614 739 1679 774 est

137 808 282 849 subito
318 809 433 849 mitis
467 813 510 847 et
542 806 727 856 humilis,
763 806 937 859 paciens
971 812 1014 845 et
1046 804 1230 846 multum
1269 804 1516 844 misericors.
1579 804 1680 844 Dis-

138 879 291 930 pensit,
319 877 439 918 dedit
463 875 730 930 pauperibus.
794 873 864 915 Sic
890 873 1173 914 elemosinam
1201 873 1431 922 adamavit,
1461 873 1519 912 sic
1548 886 1679 925 opera

138 946 311 999 pietatis
361 945 564 999 implevit,
616 950 664 984 ut
714 943 892 997 proprio
941 943 1107 996 corpori
1159 942 1408 982 decerneret
1452 954 1540 981 non
1587 953 1681 980 esse

139 1013 593 1068 parcendum—Sane
652 1014 812 1060 videas,
876 1011 1132 1060 Christiane,
1189 1010 1415 1063 quomodo
1474 1011 1678 1050 virtutem

138 1085 260 1137 panis
301 1084 425 1124 huius
466 1081 707 1136 intelligas,1
747 1095 827 1122 nec
868 1081 1035 1122 dicatur
1076 1079 1236 1133 populo
1276 1080 1392 1132 quod
1436 1079 1558 1132 panis
1600 1079 1682 1118 iste

136 1152 193 1192 ad
240 1152 429 1193 litteram
478 1151 679 1192 omnibus
726 1151 849 1191 malis
890 1152 975 1190 suis
1017 1149 1399 1202 componderavit:
1443 1148 1525 1187 hoc
1565 1148 1680 1187 enim

137 1220 295 1261 falsum
333 1227 421 1269 est3
460 1234 558 1261 cum
597 1226 698 1260 tunc
733 1221 775 1260 in
815 1219 930 1260 mala
965 1220 1187 1259 voluntate
1223 1217 1372 1266 fuisset
1407 1223 1450 1257 et
1487 1218 1546 1257 ita
1580 1215 1682 1269 [sol.

137 1290 240 1343 71a]
278 1296 492 1330 mortuum
530 1303 637 1343 opus
675 1296 791 1330 erat:
831 1295 898 1329 set
933 1288 1098 1328 dicatur
1134 1288 1251 1340 quod
1286 1287 1385 1327 ideo
1420 1285 1611 1326 ostendit
1646 1286 1684 1325 ei

138 1359 354 1400 Dominus
391 1371 548 1412 panem
580 1359 698 1400 illurn
732 1358 1073 1411 equiponderare
1108 1356 1311 1397 omnibus
1345 1356 1468 1396 malis
1501 1354 1598 1404 suis,
1631 1355 1684 1394 ad

139 1429 455 1469 ostendendum
504 1428 584 1469 sibi
635 1428 750 1480 quod
792 1441 868 1480 per
919 1427 1038 1467 illum
1086 1438 1243 1479 panem
1290 1426 1458 1478 positus
1505 1423 1586 1464 fuit
1629 1424 1684 1464 ad

137 1497 381 1537 ducendam
413 1497 546 1538 talem
574 1498 708 1537 vitam
741 1497 857 1549 quod
890 1496 1007 1536 bona
1039 1508 1116 1535 sua
1146 1494 1516 1548 preponderarent
1550 1493 1687 1533 omni-

137 1566 215 1607 bus
251 1567 375 1607 malis
406 1568 504 1616 suis,
539 1568 651 1607 sicut
681 1573 780 1620 post
811 1567 952 1618 patuit
983 1567 1024 1605 in
1056 1566 1145 1605 Vita
1176 1578 1262 1605 sua.

224 1636 347 1689 (126)
401 1636 516 1676 Petri
567 1642 712 1676 autem
754 1636 877 1676 huius
928 1634 1134 1687 perfectio
1184 1631 1513 1673 commendatur
1561 1631 1779 1672 nobisVita
1797 1641 1830 1672 S.

137 1703 346 1745 notabili2
386 1704 590 1758 exemplo
635 1704 885 1758 subscripto.
963 1704 1107 1743 Nauta
1147 1703 1322 1755 quidam
1365 1701 1472 1742 sicut
1514 1701 1688 1741 refertur
1702 1685 1829 1759 {3²35-

135 1774 177 1813 in
219 1774 311 1814 vita
361 1776 495 1815 sancti
550 1775 756 1814 Iohannis
806 1774 1048 1827 patriarche
1099 1779 1343 1813 memorata
1382 1773 1437 1812 de
1476 1771 1687 1824 naufragii
1701 1782 1775 1812 cap.
1792 1752 1851 1809 vis,

137 1842 322 1896 periculo
362 1843 499 1883 nudus
538 1850 742 1891 evaserat,
784 1849 828 1883 et
869 1842 923 1883 ad
966 1843 1080 1883 hunc
1119 1842 1294 1882 veniens
1335 1841 1390 1880 ad
1426 1841 1559 1893 pedes
1601 1841 1688 1879 eius
1700 1814 1853 1901 ἓξὲξ),

138 1911 325 1964 procidit
345 1918 445 1952 ante
466 1925 575 1961 eum,
597 1919 749 1965 petens
783 1913 1102 1965 operimentum
1140 1923 1214 1951 sue
1244 1910 1451 1950 nuditatis
1484 1910 1688 1962 accipere.

143 1981 218 2022 Ille
240 1987 395 2034 putans
417 1995 513 2022 eum
536 1995 628 2022 esse
650 1981 898 2022 mendicum
933 1981 1170 2034 expoliavit
1202 1992 1248 2020 se
1269 1980 1412 2019 tunica
1434 1992 1510 2018 sua
1541 1985 1585 2018 et
1615 1979 1691 2018 dat

140 2051 189 2100 ei,
211 2064 369 2103 rogans
400 2056 445 2091 ut
479 2051 549 2091 ille
580 2051 690 2092 hanc
725 2051 910 2092 vestiret.
973 2050 1117 2090 Nauta
1149 2049 1264 2090 illam
1300 2049 1417 2089 indui
1446 2048 1592 2096 noluit,
1614 2047 1689 2088 sed

140 2121 339 2173 exposuit
371 2122 425 2162 ad
448 2121 736 2162 vendendum.
798 2121 943 2174 Quam
977 2119 1057 2169 ille,
1080 2120 1152 2173 qui
1186 2119 1379 2167 dederat,
1415 2118 1566 2158 videns
1598 2131 1693 2157 esse

140 2189 349 2239 venalem,
393 2191 584 2231 tristatus
620 2196 687 2231 est
720 2190 1012 2239 vehementer,
1047 2196 1090 2230 et
1122 2203 1220 2229 cum
1254 2188 1363 2229 clavi
1403 2201 1448 2228 56
1487 2187 1692 2227 claudens

142 2258 275 2299 flebat
294 2265 338 2298 et
357 2259 639 2300 tribulabatur
670 2259 784 2300 intra
817 2272 862 2299 se
894 2260 1062 2300 dicens:
1095 2257 1234 2311 ‘Quia
1254 2271 1339 2298 non
1373 2257 1433 2297 fui
1459 2257 1615 2310 dignus
1646 2261 1693 2295 ut

143 2327 227 2367 mei
262 2329 511 2369 memoriam
553 2329 729 2370 haberet
773 2329 966 2383 egenus'.
1029 2328 1138 2370 Cum
1172 2329 1236 2367 vir
1270 2327 1352 2368 Dei
1393 2327 1694 2374 obdormisset,

142 2397 252 2437 vidit
303 2398 541 2438 Dominum
582 2400 724 2438 tunica
764 2412 894 2451 quam
936 2404 1063 2438 naute
1104 2397 1281 2439 dederat
1320 2397 1517 2437 indutum
1568 2401 1696 2447 atque

145 2466 384 2507 dicentem:
419 2467 557 2520 ‘Quid
582 2467 733 2520 ploras,
754 2468 911 2508 Petre?
942 2468 1165 2520 cognoscis
1181 2467 1292 2507 hanc
1311 2467 1531 2506 tunicam?
1583 2465 1697 2505 Ecce

143 2548 225 2587 ego
245 2535 406 2576 vestior
427 2535 497 2576 illa
518 2551 575 2577 ex
595 2550 680 2590 quo
712 2551 808 2577 eam
840 2538 1018 2590 pauperi
1050 2537 1235 2578 tribuisti
1256 2542 1298 2576 et
1321 2535 1479 2588 gratias
1501 2534 1578 2575 tibi
1611 2548 1695 2587 ago

144 2603 245 2656 quia
265 2605 403 2645 nudus
425 2618 542 2645 eram
561 2612 603 2645 et
619 2605 850 2658 cooperisti
868 2606 965 2647 me.'
1031 2605 1152 2645 Tunc
1169 2605 1239 2645 ille
1260 2603 1442 2657 gratiam
1461 2603 1693 2653 admirans,

143 2687 354 2726 pauperes
377 2672 623 2714 beatificare
644 2675 758 2727 cepit
788 2681 832 2715 et
863 2674 1029 2715 dicere:
1061 2674 1133 2716 ‘Si
1156 2687 1365 2728 pauperes
1396 2674 1456 2713 ita
1479 2674 1566 2713 cari
1600 2679 1697 2713 sunt

145 2742 329 2792 Christo,
372 2748 418 2783 ut
467 2742 547 2783 sibi
597 2742 759 2784 factum
802 2750 969 2797 reputet
1011 2745 1126 2797 quod
1169 2743 1249 2783 illis
1299 2742 1572 2796 impenditur,
1610 2756 1695 2783 non

147 2812 305 2852 moriar
342 2811 477 2852 donec
515 2812 616 2852 fiam
652 2818 861 2865 tanquam
898 2826 1005 2853 unus
1041 2826 1099 2853 ex
1134 2810 1239 2852 eis':
1272 2818 1315 2852 et
1346 2813 1406 2852 ita
1436 2810 1596 2852 factum
1620 2818 1695 2854 est.

544 2902 555 2921 1
571 2903 645 2935 MS.
665 2903 870 2945 intelligens.
1003 2903 1016 2923 2
1030 2904 1105 2936 MS.
1124 2903 1291 2935 notabile.
