2052 3278
642 243 728 283 DE
761 243 1226 285 DETRACTIONE
1645 247 1695 286 61

251 358 373 412 (106)
401 358 515 399 [nter
531 358 732 411 exempla
747 373 845 400 vero
857 362 1103 400 eommunia
1120 361 1202 400 hoc
1225 359 1475 413 exemplum
1494 360 1698 413 reperitur
1715 367 1805 398 Inter

165 428 279 478 quod
314 434 358 468 et
388 427 684 481 sollempniter
715 427 824 468 solet
857 431 1041 469 enarrari
1074 430 1128 470 de
1149 429 1280 469 beato
1302 428 1514 470 Anselmo
1536 429 1695 471 Cantu-
1708 412 1913 487 {ggnffgssim

163 495 318 537 ariensi
340 498 670 551 archiepiscopo,
718 497 934 538 Videlicet
950 498 1066 551 quod
1084 499 1176 538 vice
1192 499 1379 551 quadam
1402 499 1444 538 in
1460 505 1697 552 autumpno

161 563 358 606 horreum
407 567 595 615 manerii,
636 565 707 606 ubi
749 572 849 606 tunc
888 573 978 607 erat
1023 567 1278 620 ingrediens,
1320 568 1500 608 domum
1543 569 1699 621 reperit

162 635 457 687 semiplenam,
509 641 553 675 et
601 634 711 675 vidit
761 635 994 676 demonem
1048 650 1254 689 magnum
1307 637 1531 677 sedentem
1576 651 1701 690 super

161 714 369 744 acervum.
422 703 548 743 Dixit
568 716 670 755 ergo
691 702 869 744 ballivo:
903 707 911 723 ‘
927 703 1058 744 Unde
1070 703 1297 744 habuimus
1312 718 1496 745 messem
1520 706 1644 745 istam
1660 710 1675 746 ?
1690 705 1698 720 '

163 769 248 822 Qui
285 773 528 825 respondit:
578 772 671 812 ‘De
710 772 929 812 dominico
969 780 1117 813 nostro
1134 771 1152 813 '.
1227 772 1288 813 Et
1305 774 1399 814 ille:
1453 775 1698 827 ‘Numquid

162 838 336 880 bladum
378 839 670 881 decimastis?'
718 840 803 893 Qui
843 840 976 881 dixit:
1027 840 1187 882 ‘Non’.
1237 841 1296 881 Et
1336 841 1699 896 archiepiscopus:

161 907 350 949 ‘Statim
399 915 536 949 totum
573 910 662 949 eice
705 916 748 949 et
784 910 840 949 da
877 909 1059 949 fideliter
1102 909 1316 950 decimam
1352 913 1489 951 tocius
1505 911 1523 953 '.
1599 912 1699 965 Quo

161 975 273 1017 facto
294 992 378 1018 non
398 979 539 1031 potuit
561 991 658 1031 pars
683 978 900 1018 decimata
922 979 964 1018 in
987 977 1143 1018 horreo
1164 978 1483 1031 comprehendi.
1537 981 1642 1021 Mal.
1663 992 1697 1032 3.
1714 982 1863 1031 ilialach.

163 1046 326 1098 Inferte
345 1061 508 1087 omnem
530 1047 736 1087 decimam
759 1047 804 1087 in
821 1048 1019 1087 horreum
1042 1061 1194 1096 meum,
1215 1054 1296 1089 etc.
1713 1037 1758 1062 ω’
1779 1036 1827 1057 10‘

728 1173 814 1227 (De
846 1174 1131 1227 detractione.)

251 1259 369 1312 (107)
404 1259 453 1299 In
475 1258 582 1299 libro
617 1260 795 1300 Numeri
832 1274 924 1313 cap.
959 1261 1021 1300 xii
1055 1261 1260 1313 reperitur
1295 1262 1407 1314 quod
1439 1262 1571 1302 locuti
1603 1268 1699 1303 sunt
1712 1269 1812 1300 Num.
1826 1269 1883 1307 xii,

164 1327 305 1369 Maria
343 1341 463 1368 soror
501 1329 585 1369 scil.
609 1329 757 1381 Moysi
788 1334 832 1369 et
862 1328 1014 1369 Aaron
1037 1328 1167 1369 frater
1195 1330 1283 1369 eius
1314 1336 1464 1370 contra
1497 1331 1697 1384 Moysen.
1716 1322 1742 1343 I·

164 1396 223 1437 Et
253 1398 440 1450 sequitur
470 1398 583 1450 quod
606 1398 720 1437 dixit
753 1397 970 1437 Dominus
993 1398 1047 1437 ad
1070 1411 1166 1437 eos:
1203 1397 1346 1447 Quare
1377 1413 1458 1438 που
1491 1399 1700 1440 timuisti&

163 1465 382 1506 detrahere
407 1479 526 1505 servo
548 1479 635 1505 meo
656 1465 718 1505 M
714 1465 806 1517 oysi
818 1466 844 1505 Ρ
877 1465 940 1505 Et
960 1466 1101 1506 iratus
1127 1473 1273 1506 contra
1293 1481 1359 1507 eos
1378 1467 1516 1508 abiit:
1549 1474 1591 1509 et
1612 1470 1699 1510 cito

163 1540 264 1587 post
285 1534 576 1587 subiungitur:
610 1548 691 1574 ecce
710 1534 867 1574 Maria
888 1535 1092 1587 apparuit
1105 1535 1284 1575 candens
1304 1536 1421 1588 lepra
1442 1537 1572 1589 quasi
1589 1538 1667 1577 nix
1682 1554 1693 1579 .·

163 1608 205 1643 et
226 1609 327 1656 post
343 1604 495 1643 dicitur
514 1603 629 1656 quod
643 1603 808 1643 exclusa
820 1609 882 1643 est
895 1603 1051 1643 Maria
1067 1610 1188 1644 extra
1201 1610 1342 1644 castra
1356 1605 1423 1645 vii
1434 1606 1589 1656 diebus,
1612 1606 1696 1648 scil.
1712 1612 1795 1644 Ibid·
1813 1612 1869 1650 xii,

163 1673 301 1712 donec
342 1678 489 1712 curata
529 1678 603 1712 est.
685 1672 758 1713 Ex
809 1672 890 1713 hiis
930 1672 1069 1713 verbis
1109 1673 1351 1725 colligimus
1391 1675 1504 1726 quod
1559 1676 1696 1716 Maria
1710 1657 1858 1739 {39'10’

159 1742 353 1782 detraxit
395 1741 538 1794 Moysi
570 1741 646 1781 sed
687 1754 773 1781 non
806 1742 993 1794 impune.
1055 1741 1171 1781 Nam
1212 1743 1359 1783 statim
1396 1756 1593 1795 percussa
1631 1751 1697 1785 est

161 1811 277 1864 lepra
299 1811 503 1852 vilissima
525 1816 569 1851 et
589 1810 762 1851 exclusa
789 1811 844 1851 vii
877 1810 1027 1850 diebus
1047 1824 1072 1850 a
1103 1812 1407 1851 communione
1427 1818 1471 1853 et
1491 1814 1697 1854 societate

161 1880 309 1933 populi
332 1880 426 1921 Dei.
475 1879 526 1919 In
547 1892 634 1932 quo
654 1880 782 1919 datur
802 1879 927 1920 nobis
944 1879 1194 1932 exemplum
1214 1879 1421 1930 terribile3
1443 1882 1695 1935 exemplum

162 1949 245 1989 hoc
279 1949 425 2001 utique
461 1948 575 2001 quod
611 1948 836 1998 detractor,
870 1949 950 1988 etsi
992 1961 1077 1988 non
1113 1949 1313 1996 exterius,
1334 1948 1508 1990 interius
1547 1956 1696 1991 tamen

162 2018 279 2071 lepra
299 2017 532 2071 percutitur
565 2017 787 2070 spirituali,
810 2031 887 2070 per
920 2030 1053 2070 quam
1086 2023 1276 2057 meretur
1310 2024 1354 2058 et
1383 2017 1539 2072 dignus
1570 2027 1634 2061 est
1673 2034 1698 2060 a

160 2088 466 2128 communione
498 2092 542 2126 et
574 2087 779 2127 societate
812 2088 1005 2127 omnium
1039 2085 1264 2135 bonorum,
1284 2086 1365 2127 nisi
1397 2101 1473 2140 per
1503 2090 1698 2140 peniten-

160 2156 270 2196 ciam
311 2156 413 2209 [fol.
450 2155 553 2209 61a]
594 2160 769 2205 curetur,
813 2156 856 2195 in
898 2161 1151 2208 perpetuum
1193 2156 1391 2208 separari.
1454 2156 1512 2197 Et
1544 2158 1699 2198 idcirco

161 2225 314 2265 dicitur
353 2227 395 2264 in
438 2224 636 2265 Proverb.
679 2235 733 2275 24
779 2223 888 2266 Cum
934 2224 1240 2264 detractoribus
1280 2239 1330 2264 ne
1380 2226 1697 2277 commiscearis,
1713 2233 1807 2265 Prov.
1821 2233 1907 2272 xxiv,

163 2293 363 2346 quoniam
397 2293 536 2333 subito
563 2294 708 2333 veniet
734 2293 922 2346 perdicio
950 2293 1069 2343 illius,
1092 2300 1132 2333 et
1162 2293 1338 2334 ruinam
1359 2294 1581 2347 utriusque
1601 2286 1762 2348 ᾳιιῑζς2ἷῖ
1781 2286 1820 2308 ²²

161 2363 281 2402 novit
298 2363 324 2402 P
353 2363 571 2415 utriusque
592 2361 749 2402 scilicet
770 2362 1023 2403 detractoris
1045 2368 1088 2402 et
1111 2362 1282 2403 libentis
1304 2363 1521 2404 auditoris.

251 2430 366 2483 (108)
400 2430 540 2484 Super
575 2431 752 2471 verbum
785 2445 885 2472 vero
926 2432 1126 2484 proximo
1169 2432 1422 2484 premissum
1464 2433 1616 2473 dicitur
1655 2433 1697 2473 in
1711 2436 1908 2477 Inquadam

160 2500 348 2553 quadam
389 2500 533 2552 glossa
567 2501 679 2553 quod
716 2500 866 2541 beatus
902 2500 1170 2554 Augustinus
1206 2500 1433 2554 scripserat
1469 2502 1510 2541 in
1548 2515 1698 2543 mensa
1710 2479 1833 2520 glossa.

161 2583 237 2609 sua
258 2569 323 2609 vel
345 2567 467 2609 scribi
487 2568 647 2609 fecerat
668 2569 746 2609 hos
766 2583 931 2610 versus:

392 2669 594 2723 Quisquis
615 2677 735 2711 amat
756 2671 878 2711 dictis
900 2671 1080 2711 aliorum
1102 2684 1277 2724 carpere
1297 2673 1445 2722 vitam,

396 2739 523 2779 Hanc
546 2752 738 2779 mensam
762 2740 983 2793 indignam
1005 2740 1171 2780 noverit
1193 2754 1285 2781 esse
1306 2741 1396 2782 sibi.

249 2841 365 2882 Sane
401 2842 436 2881 si
472 2841 670 2894 indignus
706 2848 798 2881 erat
828 2842 1048 2882 detractor
1080 2856 1231 2882 mensa
1263 2841 1506 2895 Augustini,
1529 2843 1698 2885 stultior

161 2918 225 2952 est
246 2910 377 2952 stulto
400 2911 434 2951 si
457 2916 578 2963 putat
611 2923 655 2950 se
690 2910 868 2963 dignum
904 2923 1054 2951 mensa
1086 2910 1259 2953 Christi.
1324 2912 1392 2951 De
1413 2926 1498 2965 qua
1521 2914 1696 2965 quidem
