2052 3278
702 238 789 278 DE
823 236 1116 279 LUXURIA
1598 247 1672 288 115

232 354 350 407 (197)
381 351 588 394 Terribile
604 353 735 393 etiam
749 353 954 406 quiddam
969 353 1023 394 de
1044 353 1212 393 luxuria
1232 357 1376 393 narrat
1398 352 1549 393 beatus
1573 351 1678 392 Gre-

142 423 285 474 gorius
307 424 349 463 in
378 435 405 473 4
430 422 729 475 Dyalogorum
753 423 922 462 dicens:
959 421 1168 463 Terribile
1188 422 1396 475 quiddam
1430 423 1471 462 in
1501 421 1678 462 Valeria

144 492 363 544 provincia
392 491 638 544 contigisse.
700 490 780 531 Vir
804 491 889 531 vite
920 491 1176 532 venerabilis
1215 491 1525 540 Maximianus,
1549 490 1678 544 Syra-

138 573 323 601 cusanus
351 561 585 613 episcopus,
599 560 671 612 qui
702 559 776 599 diu
798 560 839 600 in
865 561 945 601 hac
966 560 1071 602 urbe
1094 574 1191 601 meo
1221 560 1485 600 monasterio
1514 559 1679 613 prefuit,

141 641 314 669 narrare
345 628 573 677 consuevit,
606 629 779 670 dicens:
805 629 1004 682 Quidam
1040 630 1207 670 curialis
1248 629 1360 669 illic1
1392 629 1681 669 sacratissimo

142 699 334 750 paschali
375 697 557 738 sabbato
598 697 867 738 iuvenculam
906 699 1126 739 cuiusdam
1164 698 1296 739 filiam
1335 699 1377 738 in
1418 697 1680 751 baptismate

141 768 340 820 suscepit.
407 767 492 820 Qui
515 772 614 820 post
646 767 848 807 ieiunium
883 767 1062 808 domum
1098 781 1303 817 reversus,
1329 767 1549 820 multoque
1579 767 1680 808 vino

141 836 384 886 inebriatus,
420 837 603 876 eandem
627 835 758 876 filiam
793 849 914 876 suam
949 849 1093 877 secum
1129 850 1303 877 manere
1335 837 1474 889 peciit,
1495 849 1680 889 eamque

141 911 268 946 nocte
289 906 371 955 illa,
394 906 507 958 quod
530 906 646 946 dictu
668 905 834 959 nephas
855 911 930 955 est,
953 905 1152 959 perdidit.
1216 905 1412 958 Cumque
1427 919 1554 946 mane
1568 905 1680 946 facto

141 977 407 1025 surrexisset,
425 990 520 1016 reus
541 977 731 1029 cogitare
744 976 860 1029 cepit
872 981 919 1016 ut
932 976 985 1016 ad
1009 975 1210 1017 balneum
1229 982 1438 1029 pergeret,
1459 990 1508 1016 ac
1522 977 1555 1016 si
1569 989 1680 1028 aqua

142 1045 285 1086 balnei
307 1045 469 1085 lavaret
492 1045 705 1085 maculam
728 1045 905 1098 peccati.
969 1045 1166 1085 Perrexit
1187 1045 1325 1097 igitur,
1348 1044 1451 1085 lavit
1481 1046 1680 1098 cepitque

143 1113 395 1168 trepid[ar]e
435 1113 659 1155 ecclesiam
702 1114 880 1167 ingredi.
949 1114 1009 1154 Et
1049 1114 1083 1154 si
1123 1119 1247 1154 tanto
1287 1113 1357 1154 die
1397 1126 1482 1154 non
1514 1115 1593 1154 iret
1624 1116 1677 1156 ad

143 1182 377 1231 ecclesiam,
410 1182 688 1223 erubescebat
727 1183 924 1223 homines
940 1196 950 1232 ;
983 1182 1048 1223 sin
1081 1197 1183 1223 vero
1224 1183 1315 1232 iret,
1348 1182 1681 1236 pertimescebat

143 1251 343 1292 iudicium
368 1251 465 1293 Dei.
528 1251 645 1292 Vicit
665 1251 810 1305 itaque
831 1265 928 1292 eum
951 1252 1141 1292 humana
1162 1252 1430 1301 verecundia,
1454 1251 1556 1305 [sol.
1579 1253 1679 1307 97b]

143 1322 420 1374 perrexitque
455 1321 508 1362 ad
551 1321 772 1361 ecclesiam
789 1336 798 1372 ;
843 1327 909 1362 set
945 1320 1253 1362 tremebundus
1285 1334 1333 1362 ac
1371 1336 1533 1375 pavens
1567 1329 1680 1363 stare

142 1391 269 1444 cepit,
292 1397 422 1444 atque
455 1405 531 1444 per
562 1391 729 1445 singula
761 1397 985 1431 momenta
1019 1397 1241 1444 suspectus
1272 1405 1357 1444 qua
1387 1392 1494 1432 hora
1515 1393 1680 1446 spiritui

143 1460 369 1501 immundo
389 1460 640 1509 traderetur,
663 1466 706 1500 et
726 1473 872 1500 coram
890 1461 1007 1501 omni
1022 1460 1180 1514 populo
1197 1467 1437 1504 vexaretur.
1484 1462 1681 1515 Cumque

142 1529 424 1569 vehementer
464 1529 647 1575 timeret,
688 1529 725 1568 ei
767 1528 809 1568 in
851 1528 922 1568 illa
964 1529 1189 1569 missarum
1225 1528 1472 1571 celebritate
1512 1531 1680 1571 adversi

144 1597 274 1638 nichil
306 1597 495 1650 contigit.
573 1597 658 1651 Qui
694 1598 803 1638 letus
839 1598 956 1648 exiit,
989 1604 1032 1639 et
1063 1599 1133 1639 die
1165 1598 1299 1639 altero
1337 1599 1560 1640 ecclesiam
1593 1601 1678 1641 iam

145 1679 314 1707 securus
334 1667 530 1716 intravit;
561 1666 806 1720 factumque
828 1673 892 1707 est
922 1673 969 1708 ut
999 1681 1075 1720 per
1104 1682 1182 1709 sex
1202 1669 1429 1709 continuos
1459 1669 1549 1710 dies
1570 1670 1680 1710 letus

146 1750 193 1776 ac
215 1748 384 1776 securus
418 1736 679 1789 procederet,
701 1736 905 1777 estimans
939 1738 1053 1790 quod
1086 1737 1173 1778 eius
1203 1738 1340 1779 scelus
1361 1738 1576 1779 Dominus
1606 1745 1680 1780 aut

144 1820 233 1846 non
274 1806 450 1846 vidisset
481 1811 552 1845 aut
587 1804 723 1846 visum
748 1805 1077 1847 misericorditer
1107 1807 1353 1848 dimisisset.
1415 1808 1499 1848 Die
1533 1814 1677 1849 autem

145 1876 330 1928 septima
351 1874 490 1915 subita
512 1881 652 1915 morte
674 1874 895 1916 defunctus
909 1881 986 1916 est.
1040 1875 1238 1930 Cumque
1261 1877 1477 1930 sepulture
1498 1878 1681 1918 traditus

145 1943 304 1993 fuisset,
346 1956 421 1996 per
459 1943 635 1997 longum
677 1949 846 1997 tempus
886 1945 1050 1985 cunctis
1089 1944 1334 1986 videntibus
1382 1946 1436 1987 de
1486 1946 1679 2000 sepulcro

146 2012 322 2053 flamma
342 2013 458 2062 exiit,
480 2019 522 2053 et
543 2019 633 2053 tam
655 2013 729 2054 diu
749 2014 1037 2055 concremavit
1065 2027 1161 2055 ossa
1181 2014 1282 2064 eius,
1303 2029 1524 2069 quousque
1551 2029 1680 2057 omne

145 2082 417 2134 sepulchrum
449 2089 729 2132 consumeret,
760 2089 803 2124 et
834 2088 945 2124 terra
964 2096 1048 2136 que
1079 2084 1121 2124 in
1144 2084 1308 2126 tumulo
1338 2084 1514 2126 collecta
1545 2085 1682 2126 fuerat

144 2150 314 2191 defossa
350 2150 574 2193 videretur.
657 2151 785 2205 Quod
822 2152 1020 2193 videlicet
1054 2153 1328 2206 omnipotens
1364 2154 1482 2195 Deus
1523 2154 1680 2196 faciens

145 2219 334 2260 ostendit
355 2220 454 2272 quid
477 2221 567 2261 eius
594 2222 739 2262 anima
771 2221 813 2262 in
846 2222 1013 2262 occulto
1028 2222 1214 2275 pertulit,
1235 2222 1351 2264 cuius
1372 2224 1504 2264 etiam
1527 2236 1679 2278 corpus

146 2294 246 2329 ante
275 2289 488 2329 humanos
516 2290 662 2330 oculos
693 2289 870 2331 flamma
914 2293 1187 2345 consumpsit.
1249 2291 1348 2345 Qua
1388 2293 1431 2332 in
1472 2306 1515 2333 re
1554 2292 1680 2334 nobis

146 2371 319 2411 quoque
350 2358 428 2399 hec
465 2358 733 2401 audientibus
772 2360 1021 2414 exemplum
1060 2360 1300 2402 formidinis
1335 2361 1436 2402 dare
1476 2362 1678 2416 dignatus

145 2432 221 2475 est,
255 2432 464 2479 quatenus
499 2440 556 2467 ex
591 2428 669 2468 hac
695 2429 1072 2470 consideracione2
1107 2429 1370 2483 colligamus,
1403 2431 1504 2484 quid
1534 2431 1682 2472 anima

148 2495 295 2536 vivens
316 2509 365 2536 ac
386 2495 577 2537 senciens
608 2510 685 2550 pro
706 2503 824 2538 reatu
846 2511 923 2538 suo
944 2499 1117 2551 patitur,
1139 2500 1174 2539 si
1194 2504 1318 2540 tanto
1339 2501 1450 2553 ignis
1471 2501 1680 2554 supplicio

144 2566 276 2606 etiam
297 2564 556 2605 insensibilia
574 2579 670 2606 ossa
689 2573 944 2609 cremantur.
998 2567 1192 2621 Explicit
1214 2569 1680 2622 exemplum—Vides

147 2633 390 2687 predicator
429 2635 542 2687 quod
585 2636 664 2676 iste
705 2632 843 2676 miser
866 2637 1001 2678 homo
1037 2638 1080 2677 in
1116 2651 1239 2678 sacro
1272 2638 1461 2691 paschali
1499 2638 1680 2680 sabbato

148 2703 279 2743 filiam
321 2703 581 2756 spiritualem
622 2718 742 2745 suam
784 2707 983 2760 corrupit,
1023 2707 1139 2747 cuius
1182 2708 1345 2760 peccati
1395 2708 1549 2749 merito
1589 2715 1679 2750 tam

148 2771 433 2812 miserabilem
456 2785 511 2812 ex
532 2773 754 2825 inopinato
770 2774 1130 2828 dampnacionem
1154 2777 1321 2830 recepit.
1383 2776 1500 2818 Sane
1514 2776 1586 2831 [si]
1604 2778 1681 2818 sub

147 2841 227 2882 hac
267 2839 408 2881 forma
446 2848 709 2894 proponatur
742 2844 1005 2897 exemplum,
1046 2845 1209 2898 absque
1249 2844 1381 2886 dubio
1422 2847 1562 2887 minus
1604 2849 1682 2888 erit

589 2937 600 2956 ¹
613 2938 688 2969 MS.
706 2938 764 2969 illi.
896 2939 909 2958 2
921 2940 995 2971 MS.
1013 2940 1237 2972 considerare.

1692 358 1795 399 Greg.

1640 422 1648 429 .
1693 401 1795 440 Dia1.,
1813 401 1872 441 IV,

1690 444 1789 477 xxxii.
