2052 3278
111 2035 215 2075 Apoc.
234 2034 275 2072 ix,

111 2088 140 2118 3,
159 2087 210 2110 21.

114 2389 152 2419 In
170 2399 235 2420 ser·-

111 2443 212 2464 mone

110 2476 235 2507 Alberti

110 2520 264 2560 Archiep.

108 2564 266 2595 Armach.

334 178 385 218 88
767 176 960 218 LIBER
993 175 1445 219 EXEMPLORUM

331 292 565 334 Brandano
605 294 777 346 quando
817 306 894 346 per
934 305 1053 332 mare
1089 293 1175 342 ivit,
1209 295 1381 347 navigio
1421 307 1520 334 eum
1557 293 1868 346 sequebantur,I

327 363 546 403 dimittere
574 377 672 403 eum
701 375 788 403 non
815 363 1085 402 sustinentes.
1147 362 1258 404 Cum
1288 369 1432 404 autem
1463 369 1561 416 post
1591 362 1874 404 refeccionem-

326 438 369 471 et
415 445 523 484 opus
571 432 655 472 Dei
701 437 922 484 peractum
966 431 1120 472 fratres
1165 431 1493 482 obdormissent,
1542 431 1650 472 vidit
1700 438 1872 473 sanctus-

327 499 583 541 Brandanus
613 514 720 554 opus
753 500 938 553 dyaboli,
966 501 1126 541 scilicet
1153 501 1361 542 infantem
1389 501 1608 555 ethiopem
1637 500 1869 542 habentem

326 569 495 610 frenum
536 571 578 609 in
621 583 751 610 manu
789 575 833 610 et
872 569 1086 610 iocantem
1127 576 1228 611 ante
1270 571 1444 612 fratrem
1492 569 1747 624 predictum.
1809 570 1871 612 Et

326 639 473 679 statim
508 643 683 679 sanctus
719 638 975 679 Brandanus
1009 641 1192 680 surrexit
1226 646 1268 681 et
1304 640 1418 693 cepit
1452 653 1575 680 orare
1615 645 1873 693 pernoctans

326 721 461 761 usque
488 709 542 748 ad
571 708 697 750 diem.
760 708 978 761 Tempore
1003 722 1106 749 vero
1133 715 1349 763 oportuno
1376 714 1582 763 ceperunt
1612 709 1696 749 iter
1727 722 1867 762 agere.

326 778 450 817 Tunc
489 777 602 818 dixit
642 778 702 818 eis
741 778 892 819 beatus
930 778 1207 819 Brandanus:
1258 779 1359 831 [fol.
1405 779 1506 832 Soa]
1558 778 1699 819 ‘Ecce
1741 777 1874 818 frater

325 852 481 896 noster,
521 860 651 900 quem
692 847 785 888 dixi
823 847 945 888 vobis
992 848 1095 897 heri,
1135 847 1268 888 habet
1313 847 1480 889 frenum
1527 853 1779 901 argenteum
1825 848 1870 887 in

324 917 419 957 sinu
452 916 561 958 suo'.
624 915 683 957 Et
714 916 872 957 cecidit
905 923 1005 958 ante
1040 917 1170 970 pedes
1205 918 1284 957 viri
1323 918 1406 957 Dei
1443 918 1611 957 dicens:
1652 918 1872 966 ‘Peccavi‚

324 992 456 1039 pater,
502 999 607 1039 rogo
651 991 695 1026 te
740 999 814 1026 ora
858 999 937 1038 pro
981 988 1128 1026 anima
1175 1000 1271 1026 mea
1317 1000 1372 1027 ne
1418 992 1564 1040 pereat
1608 986 1834 1027 confestim
1849 985 1874 1027 '„

326 1055 493 1097 Omnes
524 1055 671 1096 fratres
702 1055 1034 1096 consternebant
1062 1069 1106 1096 se
1133 1056 1188 1096 ad
1217 1062 1385 1105 terram,
1414 1056 1693 1109 deprecantes
1725 1057 1867 1097 Deum

324 1138 402 1178 pro
443 1126 589 1165 anima
629 1124 782 1165 fratris.
845 1125 1078 1165 Elevantes
1120 1131 1264 1166 autem
1301 1140 1347 1166 se
1381 1126 1535 1165 fratres
1575 1139 1600 1165 a
1638 1131 1749 1166 terra
1785 1126 1873 1166 ele-

322 1200 510 1247 vatoque
531 1194 660 1234 fratre
691 1208 716 1233 a
737 1200 886 1234 sancto
908 1199 1038 1247 patre,
1059 1207 1158 1235 ecce
1179 1195 1377 1235 viderunt
1399 1195 1618 1248 ethiopem
1644 1195 1871 1248 parvulum

324 1264 516 1317 prosilire
537 1264 591 1303 de
611 1264 706 1303 sinu
734 1263 885 1313 fratris,
907 1269 950 1304 et
971 1264 1231 1304 clamantem
1252 1277 1358 1304 voce
1380 1277 1539 1317 magna
1561 1270 1603 1304 et
1625 1265 1866 1305 dicentem:

324 1332 438 1374 ‘Cur
469 1346 549 1382 me,
581 1334 645 1372 vir
677 1332 772 1382 Dei,
806 1334 939 1373 iactas
970 1334 1025 1373 de
1057 1346 1153 1373 mea
1183 1333 1456 1373 habitacione
1487 1335 1529 1373 in
1562 1347 1647 1386 qua
1678 1333 1871 1374 habitavi

323 1403 381 1455 vij
419 1403 542 1442 annis
576 1408 619 1442 et
654 1401 754 1441 facis
791 1414 861 1442 me
897 1401 1073 1442 alienari
1109 1401 1165 1443 ab
1201 1402 1441 1442 hereditate
1478 1402 1626 1443 mea?'
1688 1402 1875 1444 Sanctus

324 1472 577 1512 Brandanus
626 1485 855 1511 conversus
905 1472 959 1511 ad
1013 1471 1189 1512 fratrem
1236 1472 1371 1511 dixit:
1424 1471 1583 1512 ‘Sume
1627 1485 1783 1525 corpus
1828 1478 1871 1512 et

324 1543 575 1595 sanguinem
615 1541 821 1582 Domini:
857 1541 927 1582 hic
958 1541 1139 1582 habebis
1175 1542 1315 1582 locum
1353 1541 1600 1595 sepulture'.
1665 1542 1795 1596 Quod
1827 1549 1874 1583 et

321 1611 486 1652 factum
528 1618 612 1652 est:
658 1618 701 1652 et
742 1612 800 1651 sic
842 1612 988 1651 anima
1027 1610 1169 1652 fratris
1209 1612 1373 1652 salvata
1413 1617 1489 1662 est,
1533 1618 1576 1652 et
1616 1612 1671 1652 ab
1711 1613 1877 1665 angelis

322 1681 425 1721 lucis
460 1686 525 1722 est
562 1687 759 1734 suscepta
790 1680 1035 1729 videntibus
1064 1680 1476 1723 fratribus—Vides
1508 1688 1651 1722 autem
1685 1681 1768 1722 hoc
1797 1696 1871 1722 ex-

323 1751 470 1804 emplo
503 1751 632 1804 quod,
667 1763 796 1803 quam
830 1751 917 1790 cito
952 1757 995 1791 te
1030 1751 1086 1791 ad
1122 1750 1285 1791 furtum
1322 1751 1524 1804 applicas,
1562 1750 1663 1791 facis
1697 1756 1742 1791 te
1778 1757 1873 1792 tan-

323 1833 453 1873 quam
477 1821 661 1874 symiam
689 1820 867 1873 dyaboli
892 1834 988 1860 cum
1016 1834 1102 1873 quo
1127 1820 1237 1860 ludit
1263 1821 1318 1860 ad
1346 1820 1528 1863 libitum.
1594 1820 1671 1862 Set
1694 1821 1871 1861 tandem

323 1890 441 1931 ludet
485 1896 627 1931 tecum
675 1889 956 1930 maledictus2
1003 1891 1106 1943 quia
1151 1891 1386 1944 suspendet
1429 1891 1621 1930 animam
1668 1896 1787 1930 tuam
1829 1890 1872 1930 in

324 1960 518 2013 patibulo
554 1959 729 2000 inferni:
771 1959 831 1999 ita
865 1966 980 2000 certe
1019 1961 1217 2000 servisset
1252 1958 1309 1999 illi
1347 1961 1513 2009 misem,
1551 1960 1605 2000 de
1640 1973 1724 2012 quo
1759 1972 1874 2000 nunc

323 2036 546 2070 narratum
599 2036 672 2079 est,
727 2030 808 2069 nisi
860 2035 1105 2069 sanctorum
1155 2030 1341 2069 virorum
1394 2030 1614 2069 oraciones
1666 2041 1764 2069 eum
1817 2029 1875 2069 de

324 2112 455 2139 manu
495 2098 671 2151 dyaboli
712 2099 977 2151 eripuissent.
1042 2097 1169 2139 Unde
1212 2099 1254 2137 in
1298 2097 1565 2151 Apocalypsi
1611 2113 1638 2152 9
1679 2104 1875 2138 narratur

324 2165 438 2219 quod
477 2165 656 2218 maligni
692 2166 865 2218 spiritus
902 2165 1063 2206 habent
1098 2170 1358 2218 potestatem
1396 2177 1524 2218 Super
1558 2178 1630 2205 eos
1671 2166 1742 2218 qui
1783 2179 1872 2206 non

324 2241 503 2289 egerunt
535 2235 820 2288 penitenciam
854 2234 908 2275 de
939 2235 1126 2287 peccatis
1152 2233 1247 2284 suis,
1269 2240 1313 2274 et
1343 2235 1554 2287 precipue,
1585 2234 1690 2275 sicut
1718 2235 1875 2275 dicitur

324 2305 367 2344 in
399 2304 492 2353 fine,
525 2305 579 2344 de
610 2303 731 2344 furtis
762 2305 858 2344 suis.

411 2375 530 2428 (146)
566 2373 693 2423 Nunc
720 2378 866 2413 autem
899 2373 1080 2413 occurrit
1105 2372 1355 2426 exemplum
1384 2373 1606 2426 quoddam
1632 2373 1869 2415 admodum

323 2443 510 2485 terribile
537 2444 651 2497 quod
683 2442 874 2482 narravit
904 2443 948 2482 in
983 2442 1221 2495 Hybernia‚
1243 2442 1285 2482 in
1318 2455 1516 2483 sermone
1548 2456 1635 2493 suo,
1667 2444 1872 2497 magister

324 2513 542 2563 Albertus‚
565 2512 786 2566 quondam
819 2511 1163 2565 archiepiscopus
1196 2511 1507 2562 Armachanus‚
1530 2519 1679 2553 contra
1699 2512 1869 2563 furtum,

322 2583 436 2624 hunc
471 2583 636 2624 habens
672 2583 862 2623 modum.
925 2581 1034 2621 Tres
1074 2581 1287 2634 peregrini
1323 2582 1522 2622 exierunt
1557 2583 1613 2622 de
1653 2588 1764 2622 terra
1795 2596 1870 2623 sua

322 2654 365 2693 in
388 2653 592 2702 Yndiam‚
619 2658 666 2692 ut
693 2651 752 2692 ibi
784 2651 884 2705 [fol.
919 2651 1017 2704 gob]
1051 2651 1282 2691 adorarent
1317 2650 1514 2704 reliquias
1548 2651 1663 2692 beati
1701 2651 1871 2691 Thome

320 2722 520 2776 apostoli.
584 2721 670 2775 Qui
704 2734 800 2761 cum
833 2721 1068 2760 intrassent
1100 2720 1321 2773 quandam
1359 2720 1505 2761 villam
1529 2726 1640 2761 terre
1672 2720 1791 2769 illius,
1827 2726 1871 2761 et

321 2793 379 2833 ita
407 2791 645 2846 gaudentes
677 2790 851 2831 fuerunt
883 2789 1151 2831 habitatores
1180 2789 1237 2829 de
1267 2791 1460 2830 adventu
1489 2791 1649 2839 talium,
1680 2795 1726 2829 ut
1750 2790 1873 2842 quasi

689 2885 699 2905 ¹
713 2886 788 2917 MS.
807 2885 1018 2926 sequebatur.
1151 2885 1163 2903 ²
1175 2885 1209 2915 M
1217 2885 1249 2918 S.
1271 2885 1499 2917 maledictum.
