2052 3278
613 220 698 260 DE
732 209 1084 262 MIRACULIS
1118 221 1289 261 B.v.M.
1670 232 1723 274 25

187 336 229 375 in
269 349 364 376 aere
405 336 649 389 penderent,
690 349 789 376 ecce
828 343 975 376 sancta
1005 336 1141 389 Virgo
1182 342 1319 377 mater
1357 336 1399 376 in
1439 335 1645 376 auxilium
1685 338 1724 377 ei

184 406 361 445 veniens
381 418 454 458 per
473 405 647 445 biduum
669 417 780 453 eum,
804 410 849 444 ut
869 404 946 444 sibi
966 405 1202 455 videbatur,
1224 406 1308 446 suis
1339 406 1494 445 sanctis
1524 405 1725 445 manibus

183 475 437 515 sustentavit
453 487 530 514 nec
547 473 675 514 aliam
691 472 918 513 lessionem
931 475 1021 526 pati
1036 474 1240 527 permisit.
1299 474 1361 514 [lli
1383 468 1484 515 vero
1500 474 1604 527 [fol.
1623 474 1724 528 36b]

185 543 256 595 qui
288 557 384 583 eurn
416 543 740 596 suspenderunt,
774 555 872 582 cum
902 544 956 582 ad
988 542 1127 584 locum
1160 543 1279 584 illum
1316 543 1430 584 unde
1459 544 1586 596 paulo
1621 550 1722 584 ante

183 610 453 652 decesserant
473 610 543 651 ubi
565 610 633 650 ille
648 611 868 667 pendebat
882 611 1098 662 rediisent,
1117 619 1160 652 et
1171 613 1376 653 vidissent
1389 626 1487 653 eum
1503 614 1720 654 viventem

182 684 225 719 et
247 680 365 720 vultu
385 680 522 733 hylari
543 681 663 733 quasi
699 679 758 719 nil
791 680 892 719 mali
923 681 1177 732 pacientem,
1212 687 1467 733 putaverunt
1499 695 1596 722 eum
1633 695 1719 722 non

183 748 308 801 plene
329 750 482 802 laqueo
502 749 722 790 innexum.
788 748 846 788 Et
865 749 1121 789 accedentes
1149 750 1252 790 dum
1283 756 1429 803 guttur
1464 751 1553 790 eius
1587 756 1724 791 trans-

182 816 315 871 figere
333 818 501 868 vellent,
522 818 674 858 iterum
706 823 856 858 sancta
890 818 1031 857 Maria
1064 832 1235 872 semper
1268 819 1405 872 Virgo
1441 832 1592 859 manus
1625 833 1722 860 suas

182 887 339 940 gutturi
362 888 450 927 eius
471 888 684 940 apposuit,
719 892 763 927 et
783 900 869 926 non
903 887 1095 940 transfigi
1127 889 1331 940 permisit.
1398 888 1723 941 Cognoscentes

179 968 280 995 vero
299 955 357 995 illi
389 969 440 996 eo
461 955 670 996 referente
701 957 815 1009 quod
847 961 995 996 sancta
1020 956 1157 1009 Virgo
1190 957 1329 996 Maria
1359 957 1634 997 auxiliaretur
1664 958 1716 1008 ei,

178 1025 304 1064 valde
326 1024 464 1065 mirati
486 1025 737 1065 dimiserunt
757 1039 853 1065 eum
875 1038 1020 1065 amore
1039 1025 1123 1065 Dei
1139 1032 1183 1065 et
1198 1026 1288 1065 eius
1305 1026 1466 1076 matris,
1483 1026 1555 1078 qui
1570 1026 1722 1066 abiens

179 1092 313 1133 factus
334 1099 399 1133 est
419 1093 651 1134 monachus
673 1101 716 1135 et
739 1101 885 1148 postea
906 1095 1046 1147 quoad
1066 1094 1176 1135 vixit
1195 1096 1369 1135 servivit
1401 1095 1498 1135 Deo
1528 1101 1571 1135 et
1601 1109 1723 1135 sanc-

177 1163 341 1203 tissime
364 1163 486 1203 matri
507 1164 606 1204 eius.

266 1234 353 1283 (43)
389 1232 618 1286 Exemplis
650 1239 792 1273 autem
815 1233 1064 1273 memoratis
1083 1239 1290 1275 consonat
1316 1233 1499 1286 gloriose
1520 1234 1635 1286 quod
1659 1248 1723 1274 re—

177 1300 272 1340 tulit
293 1301 424 1341 michi
446 1307 488 1341 et
510 1301 655 1342 multis
674 1301 767 1342 aliis
788 1302 916 1342 frater
942 1302 1152 1342 Henricus
1172 1302 1228 1342 de
1250 1302 1286 1342 F
1289 1309 1470 1353 oxtune,
1496 1303 1550 1342 de
1566 1303 1716 1343 ordine

176 1376 332 1420 nostro,
346 1370 408 1410 vir
428 1370 566 1411 bonus
582 1371 789 1411 veridicus
811 1377 855 1411 et
872 1371 957 1411 fide
975 1372 1140 1423 dignus.
1205 1372 1301 1421 Hic,
1319 1385 1415 1411 cum
1435 1378 1546 1412 esset
1561 1386 1719 1412 canon-

175 1440 264 1479 icus
286 1440 342 1480 de
375 1440 722 1480 Premonasterio
754 1441 797 1480 in
831 1440 1005 1494 Anglia,
1042 1447 1275 1493 antequam
1310 1441 1487 1481 intraret
1518 1441 1714 1482 ordinem

174 1515 378 1557 nostrum,
412 1509 574 1549 audivit
606 1509 661 1549 ab
691 1523 762 1550 ore
794 1510 943 1562 prioris
977 1510 1222 1550 monasterii
1259 1510 1333 1559 sui,
1370 1511 1544 1550 nomine
1576 1510 1716 1551 fratris

177 1577 357 1618 Roberti
379 1579 433 1618 de
462 1578 734 1627 Whaddune,
756 1578 1009 1631 exemplum
1033 1579 1319 1631 subscriptum
1342 1584 1488 1619 eterna
1510 1581 1718 1620 memoria

174 1647 362 1700 dignum.
443 1647 543 1688 Fuit
576 1649 618 1688 in
647 1648 838 1701 partibus
869 1648 950 1689 illis
985 1649 1159 1702 quidam
1196 1648 1502 1701 paterfamilias
1541 1650 1716 1689 nomine

174 1716 417 1757 Willelmus
438 1717 493 1757 de
517 1717 767 1766 Elcindone‚
787 1719 852 1758 cui
874 1723 966 1757 erat
982 1717 1092 1757 filius
1109 1719 1284 1757 nomine
1304 1718 1517 1757 Henricus
1530 1720 1542 1744 1
1564 1724 1606 1758 et
1623 1725 1715 1758 erat

172 1785 348 1826 clericus
370 1787 441 1839 qui
461 1793 504 1826 et
520 1786 752 1839 aliquando
772 1786 922 1826 habuit
953 1787 1006 1826 de
1039 1787 1217 1827 ecclesia
1248 1787 1302 1826 de
1334 1786 1567 1836 Thurnebi‚
1599 1788 1715 1828 cuius

173 1862 311 1896 rector
331 1861 422 1895 erat
442 1861 561 1908 pater
582 1855 684 1896 dicti
705 1855 846 1896 fratris
882 1856 1074 1906 Henrici,
1109 1856 1152 1896 V
1175 1870 1338 1896 marcas
1358 1869 1535 1897 annuas,
1599 1856 1717 1897 Sane

172 1924 251 1965 iste
270 1924 443 1965 clericus
465 1926 507 1965 in
524 1930 639 1966 etate
672 1925 843 1966 iuvenili
876 1932 1083 1976 mortuus,
1116 1932 1214 1978 post
1243 1932 1440 1975 mortem,
1476 1926 1709 1966 secundum

172 1994 254 2034 Dei
268 1993 610 2047 dispositionem,
630 1996 739 2047 patri
758 2008 834 2035 suo
850 1996 1059 2048 apparuit.
1124 1995 1372 2047 Requisitus
1388 2001 1533 2035 autem
1551 2008 1576 2035 a
1592 2002 1711 2047 patre

172 2064 391 2116 quomodo
431 2078 476 2103 se
506 2064 697 2114 haberet,
731 2064 847 2104 dixit
879 2078 935 2112 se,
967 2064 1181 2104 adiutorio
1219 2064 1524 2116 gloriosissime
1564 2066 1710 2118 regine

172 2132 319 2173 mundi
342 2134 488 2174 matris
512 2133 606 2182 Dei,
630 2132 810 2173 salutem
833 2139 1026 2173 eternam
1058 2132 1311 2173 obtinuisse.
1375 2132 1514 2173 ‘Nam
1537 2134 1712 2186 quando

171 2208 363 2242 mortuus
383 2215 511 2251 eram,
529 2201 678 2255 inquit,
697 2203 839 2242 omnia
860 2216 941 2255 que
962 2202 1147 2242 feceram
1170 2202 1284 2242 bona
1303 2207 1344 2241 et
1362 2201 1474 2242 mala
1492 2203 1533 2241 in
1551 2208 1710 2242 statera

172 2270 530 2324 ponderabantur‚
554 2271 626 2312 sed
649 2272 763 2311 mala
779 2285 877 2311 mea
893 2271 1063 2324 penitus
1085 2271 1181 2323 [fol.
1201 2271 1301 2324 37a]
1318 2270 1707 2323 preponderabant,

171 2340 295 2380 bonis
317 2341 424 2380 meis
444 2341 564 2393 quasi
580 2340 743 2381 nullum
761 2340 902 2380 locum
923 2340 1180 2381 tenentibus.
1234 2339 1343 2381 Cum
1360 2353 1463 2393 ergo
1476 2353 1613 2380 essem
1628 2354 1710 2394 ego

170 2411 212 2449 in
233 2408 306 2449 tali
330 2410 415 2449 iam
435 2408 612 2450 articulo
631 2409 951 2462 dampnationis
968 2411 1237 2459 constitutus,
1254 2409 1377 2448 adest
1396 2414 1532 2449 mater
1549 2409 1711 2449 miseri-

167 2478 322 2527 cordie,
347 2478 494 2518 mundi
514 2479 646 2519 totius
667 2479 828 2531 regina,
852 2483 894 2518 et
926 2492 1011 2518 uno
1042 2479 1097 2518 de
1129 2478 1314 2518 articulis
1344 2477 1503 2531 pedum
1538 2490 1706 2517 venera-

166 2547 314 2588 bilium
337 2548 448 2601 parti
470 2553 629 2587 statere
648 2548 713 2587 cui
735 2547 849 2588 bona
871 2561 968 2588 mea
1000 2549 1167 2588 inerant
1199 2547 1241 2586 in
1273 2546 1406 2587 altum
1444 2561 1499 2587 ex
1535 2546 1710 2587 levitate

166 2616 377 2657 bonorum
398 2616 638 2657 subvolanti
660 2617 873 2670 apposito,
894 2622 1062 2670 partem
1083 2616 1200 2656 illam
1234 2617 1419 2656 virtuose
1450 2614 1640 2664 retrahit,
1665 2622 1707 2656 et

167 2685 288 2727 malis
312 2686 418 2725 meis
441 2684 640 2725 omnibus
662 2685 1052 2738 incomparabiliter
1072 2685 1389 2739 preponderare
1410 2683 1507 2724 fecit
1520 2697 1527 2733 3
1560 2698 1608 2724 ac
1630 2698 1709 2737 per

166 2754 246 2795 hec
267 2754 478 2795 sententia
498 2766 576 2806 pro
598 2766 667 2793 me
688 2752 773 2793 lata
794 2760 872 2803 est,
896 2760 939 2794 et
967 2755 1028 2794 sic
1057 2767 1140 2807 ego
1167 2754 1303 2793 salute
1327 2759 1485 2803 eterna,
1515 2752 1704 2794 subsidio

166 2823 274 2864 illius
293 2823 486 2877 gloriose,
508 2822 692 2862 donatus
713 2835 820 2862 sum.
883 2822 923 2862 N
927 2837 976 2863 ec
995 2828 1142 2863 tamen
1164 2836 1245 2875 ego
1265 2822 1378 2875 apud
1400 2821 1478 2862 celi
1510 2822 1703 2875 reginam

784 2917 794 2935 ¹
814 2918 888 2949 MS.
914 2918 1092 2949 hereticus.
