2052 3278
359 213 439 253 104
792 204 983 246 LIBER
1016 204 1467 247 EXEMPLORUM

352 319 466 372 xiiij0
482 320 649 362 ardebit
670 320 807 361 celum
831 326 873 360 et
895 327 1034 369 terra;
1067 325 1145 361 xv0
1161 320 1234 362 fiet
1247 321 1384 362 celum
1408 335 1571 362 novum
1593 327 1635 362 et
1650 334 1764 362 nova
1784 327 1898 363 terra

351 395 395 429 et
416 396 637 441 resurgent
657 404 823 431 omnes.
887 389 1133 442 Sequunter
1164 397 1307 431 autem
1335 391 1414 431 hec
1436 390 1564 431 verba
1595 391 1812 443 magistri:
1838 391 1897 432 Et

351 459 520 499 addidit
546 459 688 500 Iesus:
723 459 845 500 Sicut
866 459 1008 514 fulgur
1037 460 1130 500 exit
1162 460 1217 502 ab
1248 462 1413 501 oriente
1446 468 1489 501 et
1524 465 1645 513 paret
1676 473 1810 513 usque
1841 461 1896 500 ad

352 528 635 578 occidentem,
658 529 717 569 sic
737 530 817 569 erit
847 528 1058 569 adventus
1090 529 1188 569 Filii
1218 529 1419 579 hominiS,
1449 530 1616 571 subitus
1647 529 1820 580 scilicet,
1854 536 1897 570 et

350 598 592 647 choruscus,
625 604 667 638 et
698 604 797 638 tunc
828 597 996 651 parebit
1024 597 1195 651 signum
1221 599 1315 639 Filii
1335 599 1526 640 hominis
1546 600 1589 639 in
1610 598 1713 649 celo,
1734 599 1814 639 hoc
1834 605 1899 639 est

139 666 316 726 ’CR-Apoc.
350 667 394 706 in
417 679 525 708 aere.
586 667 803 707 Dominus
824 668 939 708 enim
962 669 1186 721 apparebit
1206 670 1249 709 in
1271 683 1373 710 aere
1395 681 1521 721 supra
1536 667 1678 709 locum
1701 667 1817 708 unde
1832 682 1898 709 as-

137 717 213 790 {1171ss
232 711 336 794 Ἓξ
350 735 512 787 cendit,
535 742 579 776 et
600 742 700 777 ante
721 750 819 777 eum
844 744 969 778 erunt
988 738 1273 779 instrumenta
1294 739 1445 779 mortis
1474 752 1549 778 sue
1579 739 1700 790 quasi
1735 737 1899 778 vexilla

139 795 185 834 ffi’
203 806 233 829 2·
351 805 570 859 triumphi,
590 820 708 856 crux,
732 806 854 857 clavi,
878 806 1038 849 lancea.
1099 807 1159 848 Et
1179 808 1222 848 in
1244 821 1372 848 carne
1396 809 1488 848 eius
1507 807 1764 848 videbuntur
1788 807 1896 847 cica-

351 875 477 915 trices
497 881 544 915 ut
564 875 742 916 videant
762 876 805 916 in
823 890 950 929 quem
969 883 1254 930 pupugerunt,
1272 883 1315 917 et
1328 878 1372 916 in
1386 876 1496 917 valle
1516 876 1724 930 Iosaphat
1737 875 1896 916 iudica-

351 942 466 984 bitur
486 945 628 985 omnis
650 945 793 996 homo,
816 946 978 999 angelis
1000 946 1364 999 congregantibus
1388 959 1474 988 eos.

139 1014 282 1052 G.E.1‚
441 1015 558 1065 (178)
595 1015 720 1055 Nunc
751 1021 893 1056 autem
933 1029 1064 1068 quam
1103 1016 1156 1056 sit
1191 1016 1454 1056 horrendum
1495 1022 1538 1056 et
1572 1014 1892 1056 formidandum

137 1068 215 1140 ξέἰυ
234 1056 276 1099 (p.
348 1083 550 1124 iudicium
574 1084 676 1125 illud
697 1090 946 1125 extremum
980 1086 1172 1126 ostendit
1203 1086 1455 1138 exemplum
1489 1084 1695 1138 scripturn
1717 1084 1760 1125 in
1782 1084 1893 1124 libro

346 1153 419 1206 qui
460 1153 614 1194 dicitur
655 1153 843 1195 Gemma
875 1154 1166 1196 Sacerdotalis
1197 1155 1238 1194 in
1269 1155 1348 1195 hec
1387 1154 1532 1196 verba.
1609 1154 1708 1195 Fuit
1736 1155 1895 1194 nostris

344 1222 499 1263 diebus
522 1224 564 1264 in
589 1223 736 1263 Ytalia
757 1223 861 1265 urbe
884 1223 1109 1264 Placencia
1133 1224 1410 1264 demoniacus
1432 1225 1486 1264 ad
1510 1238 1639 1277 quem
1662 1237 1759 1264 cum
1783 1224 1896 1264 inter

343 1290 449 1332 alios
471 1292 535 1332 vir
555 1291 694 1332 bonus
710 1292 979 1346 [accederet]‚
996 1293 1062 1333 cui
1083 1305 1244 1333 nomen
1269 1293 1479 1346 Huginus,
1498 1294 1690 1346 loquenti
1711 1294 1892 1334 demon-

343 1361 436 1401 iaco
468 1360 606 1401 immo
637 1362 823 1402 demone
855 1363 897 1402 in
928 1376 980 1403 eo
1016 1363 1288 1412 horribiliter,
1321 1363 1383 1403 ait
1420 1364 1458 1403 ei
1495 1363 1609 1403 idem
1657 1363 1887 1416 Huginus:

344 1429 530 1470 ‘Nonne
552 1432 683 1471 miser
713 1431 828 1471 diem
852 1431 992 1472 iudicii
1023 1438 1251 1472 venturum
1283 1431 1479 1473 credis?’
1541 1432 1606 1473 At
1636 1432 1736 1476 ille:
1768 1432 1892 1472 ‘Ali-

341 1499 456 1540 unde
487 1500 590 1553 [fol.
623 1500 724 1554 91b]
755 1502 871 1554 quod
903 1501 1085 1542 volueris
1117 1515 1281 1555 queraS.
1359 1502 1428 1542 De
1459 1502 1528 1542 die
1559 1500 1631 1542 illo
1663 1515 1734 1542 me
1764 1501 1893 1542 nichil

341 1569 604 1623 interrogeS.’
681 1569 746 1610 At
768 1570 972 1624 Huginus
993 1586 1000 1612 :
1035 1575 1042 1591 ‘
1062 1571 1131 1611 De
1154 1570 1227 1612 illo
1248 1572 1447 1624 precipue
1469 1585 1545 1625 per
1566 1571 1711 1611 Deum
1742 1571 1890 1611 vivum

339 1638 490 1679 adiuro
511 1645 565 1688 te,
588 1653 685 1679 cum
708 1639 751 1679 in
774 1639 848 1680 illo
877 1640 1239 1694 dampnacionem
1263 1646 1383 1681 tuam
1406 1639 1596 1681 futuram
1619 1641 1739 1690 scias,
1760 1654 1893 1693 quare

340 1713 406 1748 tot
429 1708 543 1748 mala
558 1708 662 1749 facis
682 1709 835 1762 quibus
856 1709 1026 1750 dolores
1041 1716 1138 1751 tuos
1155 1716 1198 1750 et
1214 1724 1349 1763 penas
1371 1710 1591 1751 aeumulas
1605 1715 1621 1751 ?
1635 1710 1643 1726 ’
1694 1710 1772 1752 Cui
1789 1710 1860 1751 ille
1881 1727 1889 1752 ε

340 1781 348 1797 ‘
368 1776 479 1827 Scio,
501 1778 659 1831 inquid,
694 1780 794 1832 quia
824 1793 955 1832 quam
987 1780 1075 1820 cito
1104 1778 1336 1820 numerus1
1368 1780 1621 1833 angelorum
1654 1781 1892 1833 adequatus

340 1847 477 1897 fuerit,
513 1848 605 1888 dies
645 1848 716 1888 ille
755 1849 900 1889 veniet
924 1854 967 1889 et
999 1849 1100 1889 ideo
1130 1856 1340 1903 quantum
1375 1863 1601 1903 possumus
1632 1849 1893 1903 impedimus

339 1928 492 1957 omnes
532 1930 587 1957 ne
626 1917 927 1971 adimpleatur.
1005 1918 1121 1959 Nam
1158 1920 1193 1959 si
1235 1925 1348 1959 totus
1390 1919 1576 1959 mundus
1616 1926 1729 1960 esset
1771 1933 1892 1960 meus

338 1987 485 2028 darem
508 2001 608 2027 eum
639 1994 685 2028 ut
705 2001 791 2028 uno
813 1988 965 2029 saltem
990 1988 1061 2029 die
1077 1989 1193 2029 diem
1217 1988 1360 2029 iudicii
1377 1989 1592 2042 protelare
1612 1989 1890 2030 valerem.'—

342 2055 381 2097 O
400 2057 577 2097 domine
602 2057 697 2097 Iesu
720 2057 901 2107 Christe,
925 2059 958 2097 si
984 2059 1194 2098 demones
1227 2064 1394 2099 tantum
1427 2059 1586 2099 timent
1610 2059 1726 2099 diem
1757 2058 1889 2108 illum,

131 2125 259 2167 Eph.v,
276 2137 326 2168 14·
343 2126 446 2178 quid
480 2132 547 2166 est
572 2127 687 2179 quod
719 2140 798 2167 nos
830 2128 973 2168 miseri
1006 2128 1127 2181 quasi
1153 2129 1288 2168 securi
1321 2141 1499 2181 corpore
1531 2129 1690 2169 scimus
1724 2129 1813 2180 (sic)
1848 2130 1890 2169 in

341 2195 451 2236 lecto
472 2195 739 2249 voluptatis?
803 2196 945 2250 Surge
966 2211 1063 2250 ergo
1084 2197 1163 2249 qui
1180 2197 1352 2246 domnis,
1375 2203 1456 2238 etc.

126 2263 329 2338 &fg-09&
431 2264 469 2318 (Ι
480 2266 553 2319 79)
588 2265 657 2306 De
699 2266 856 2306 iudicio
898 2267 980 2307 hoc
1020 2267 1109 2307 iure
1149 2265 1426 2307 formidando
1466 2267 1569 2307 dicit
1621 2267 1890 2321 Augustinus

183 2319 271 2345 ’Μ’
340 2335 518 2387 loquens
558 2335 612 2375 ad
657 2335 897 2376 Dominum
935 2336 977 2376 in
1018 2333 1074 2376 vi⁰
1120 2336 1227 2377 libro
1261 2335 1591 2377 confessionum.
1673 2336 1773 2377 Non
1807 2349 1890 2387 me,

340 2404 503 2456 inquid,
546 2404 776 2445 revocabat
816 2419 840 2445 a
883 2405 1101 2458 profundo
1139 2405 1411 2459 voluptatum
1444 2406 1676 2447 carnalium
1711 2407 1889 2461 gurgite,

342 2474 421 2513 nisi
460 2479 598 2514 metus
634 2473 764 2514 futuri
800 2474 942 2514 iudicii
975 2475 1048 2523 tui,
1071 2476 1144 2528 qui
1177 2488 1398 2528 nunquam
1432 2477 1607 2516 recessit
1640 2476 1694 2516 de
1715 2482 1890 2530 pectore

342 2556 452 2583 meo.

914 2650 999 2703 [De
1027 2651 1315 2704 iurarnenz‘zk]

429 2742 551 2795 (180)
585 2741 751 2783 Retulit
773 2743 903 2783 michi
924 2743 1054 2784 frater
1084 2743 1152 2784 W.
1174 2743 1229 2783 de
1253 2744 1432 2793 Kancia,
1455 2744 1519 2784 vir
1546 2750 1716 2785 sanctus
1738 2749 1781 2784 et
1805 2744 1889 2785 fide

340 2811 495 2865 dignus
526 2825 601 2865 per
635 2812 793 2861 omnia,
829 2813 945 2865 quod
981 2827 1091 2853 uxor
1125 2813 1346 2853 cuiusdam
1385 2813 1611 2866 burgensis
1647 2814 1703 2854 de
1737 2814 1889 2863 Ponte,

995 2903 1006 2922 1
1024 2903 1099 2934 MS.
1124 2903 1236 2935 miser.
