2052 3278
635 224 722 265 DE
757 199 1114 266 DILATIONE
1620 226 1671 277 65

136 340 359 381 sedentes:
385 339 524 393 ‘Quid
546 340 615 379 hic
637 340 826 380 sedetis?
848 340 951 393 quid
971 341 1242 393 expectatis?
1283 339 1403 380 Bene
1423 338 1539 380 scitis
1560 340 1676 392 quod

137 408 300 449 nullum
331 410 394 450 ius
425 410 467 449 in
498 422 549 449 eo
578 407 804 449 vendicare
835 408 1037 461 potestis.’
1101 409 1187 463 Qui
1220 410 1449 450 dixerunt:
1487 408 1676 448 ‘Verum

134 483 222 517 est:
257 478 421 519 nullum
455 477 518 518 ius
547 477 756 517 habemus
787 477 829 517 in
861 491 922 519 e0.
984 478 1188 531 Accipite
1219 491 1319 518 eum
1350 491 1427 518 vos
1459 482 1502 517 et
1533 477 1675 518 ducite

134 545 354 587 vobiscum
386 548 428 587 in
459 546 676 586 cumulum
708 545 1035 598 dampnacionis
1066 546 1230 588 vestre.'
1304 547 1406 600 Quo
1437 546 1556 587 dicto
1589 560 1676 587 sur-

134 621 339 656 rexerunt
378 615 519 669 angeli
562 621 606 655 et
646 616 808 667 egressi
852 621 960 656 sunt.
1023 615 1082 655 Et
1128 628 1226 657 ecce
1272 621 1549 657 surrexerunt
1590 616 1675 656 duo

133 685 344 725 demones
379 691 424 725 et
458 690 757 738 percusserunt
791 697 859 723 me
891 696 988 724 cum
1022 685 1188 725 duobus
1229 685 1494 726 ferramentis
1529 685 1674 734 acutis,

132 766 242 793 unus
277 766 302 792 a
337 758 458 806 parte
493 752 683 793 inferiori
725 759 768 793 et
802 751 907 792 alius
944 766 969 792 a
1005 759 1128 805 parte
1167 755 1386 806 superiori,
1427 752 1588 794 scilicet
1631 754 1673 793 in

133 823 286 875 capite.
355 822 445 863 Ista
486 821 620 862 modo
662 821 927 862 ferramenta
963 822 1199 863 corrodunt
1240 823 1450 863 interiora
1492 835 1590 863 mea
1631 828 1674 863 et

134 904 262 943 quam
290 892 376 931 cito
403 890 484 931 sibi
512 891 695 931 invicem
726 891 838 930 intra
865 903 1018 943 corpus
1047 904 1191 931 meum
1220 891 1502 941 obviaverint,
1523 892 1672 931 statim

132 959 379 1012 exspirabo.
442 960 501 1000 Et
533 972 629 999 ecce
660 960 799 1012 parati
832 965 930 1000 sunt
963 959 1174 1000 demones
1209 973 1280 999 me
1311 973 1454 1000 secum
1489 959 1672 1010 trahere,

132 1027 237 1081 [fol.
278 1028 379 1082 63b]
424 1028 623 1069 videlicet
669 1029 724 1068 ad
770 1041 926 1082 penam
974 1027 1148 1069 inferni.’
1210 1028 1310 1081 Quo
1358 1029 1477 1069 dicto
1522 1030 1672 1070 statim

131 1097 377 1150 exspiravit,
413 1103 455 1138 et
491 1098 708 1137 detractus
749 1097 897 1138 statim
939 1096 1020 1138 fuit
1061 1098 1169 1138 sicut
1209 1098 1384 1138 dixerat
1419 1098 1474 1138 ad
1511 1111 1671 1151 penam

130 1165 296 1217 inferni,
342 1167 493 1207 statim
536 1180 634 1207 eum
675 1167 934 1208 demonibus
975 1167 1289 1220 arripientibus,
1330 1167 1385 1208 ad
1421 1169 1567 1221 ignem
1611 1169 1672 1208 in-

129 1234 336 1276 fernalem
383 1237 454 1288 qui
498 1249 717 1289 nunquam
764 1237 1043 1290 extinguetur
1085 1237 1447 1290 pertrahentibus.
1530 1238 1588 1278 Et
1627 1244 1673 1278 ut

129 1304 292 1345 ibidem
325 1304 430 1345 dicit
462 1304 606 1345 Beda:
644 1304 826 1346 Constat
859 1305 974 1359 quod
1009 1306 1087 1346 hec
1121 1312 1211 1347 tam
1246 1307 1380 1347 tristis
1410 1307 1672 1360 dampnacio

128 1373 210 1414 sibi
233 1379 522 1414 monstratum
554 1380 622 1414 est
651 1387 741 1414 non
774 1381 949 1427 propter
980 1375 1121 1428 ipsum
1153 1375 1230 1416 sed
1259 1381 1434 1428 propter
1456 1389 1546 1425 nos,
1568 1377 1675 1417 sicut

128 1441 185 1482 de
215 1442 472 1495 quibusdam
504 1443 636 1483 refert
667 1443 817 1484 beatus
850 1443 1085 1498 Gregorius
1112 1445 1156 1484 in
1178 1444 1288 1485 libro
1312 1444 1674 1498 Dialogorum.—
1687 1450 1789 1500 Greg-

129 1510 357 1564 Siquidem
381 1518 560 1565 propter
581 1525 659 1552 nos
675 1511 892 1553 Dominus
908 1514 946 1552 ei
969 1512 1336 1566 dampnacionem
1355 1526 1474 1554 suam
1492 1514 1672 1555 demon·
1686 1494 1879 1569 gssss‘i’iffv'

130 1581 285 1621 stravit
325 1581 379 1621 ad
420 1580 614 1621 dandum
648 1581 776 1622 nobis
817 1581 1081 1635 exemplum,
1118 1589 1165 1622 ut
1201 1582 1324 1623 nobis
1360 1584 1673 1636 prospiciamus

128 1649 231 1689 dum
264 1649 404 1689 adhuc
439 1651 736 1690 misericordia
772 1651 856 1690 Dei
889 1651 1225 1691 misericorditer
1255 1665 1335 1692 nos
1369 1653 1550 1693 miseros
1582 1666 1672 1693 sus—

127 1719 265 1759 tinere
292 1719 507 1772 dignatur.
569 1717 630 1759 Et
659 1717 845 1760 sciamus
877 1733 957 1773 pro
986 1727 1114 1770 certo,
1139 1721 1253 1774 quod
1280 1722 1315 1761 si
1342 1721 1397 1761 ad
1425 1727 1670 1763 extremum

127 1787 387 1840 deprehensi
405 1787 612 1828 fuerimus
628 1789 672 1828 in
689 1795 870 1842 peccato
893 1789 1078 1838 mortali,
1100 1804 1190 1830 non
1213 1790 1309 1843 plus
1330 1796 1525 1843 parceret
1546 1791 1673 1832 nobis

126 1869 258 1909 quam
279 1857 473 1909 pepercit
493 1857 577 1906 illi;
610 1858 845 1898 secundum
869 1858 987 1910 quod
1012 1858 1230 1899 Dominus
1263 1859 1354 1912 ipse
1385 1860 1513 1900 docet
1535 1861 1672 1901 mani-

125 1925 234 1966 feste
256 1927 299 1965 in
321 1927 571 1979 ewangelio,
593 1926 665 1966 ubi
691 1926 845 1979 legitur
875 1927 989 1979 quod
1022 1928 1196 1980 quidam
1218 1935 1426 1969 venerunt
1447 1936 1671 1970 narrantes

126 1995 182 2034 de
200 1994 377 2035 Galileis
394 2008 502 2047 quos
520 1995 683 2036 Pilatus
700 2003 905 2046 occurrat,
922 2003 966 2037 et
983 1996 1203 2038 Dominus
1220 1998 1443 2051 respondit
1461 2014 1468 2040 :
1495 1998 1670 2040 ‘Credis

127 2064 243 2116 quod
266 2064 325 2104 illi
346 2064 537 2118 [fuerint]
547 2071 630 2117 pre
650 2066 802 2105 ceteris
815 2072 1051 2118 peccatores
1066 2067 1116 2106 ,91
1176 2067 1291 2117 Non,
1313 2068 1404 2108 dico
1429 2068 1545 2108 vobis
1557 2081 1576 2114 ;
1607 2076 1671 2108 set
1683 2075 1763 2107 Luc.
1781 2076 1850 2114 xiii,

127 2132 208 2173 nisi
219 2133 508 2184 penitenciam
531 2133 703 2187 egeritis
723 2147 866 2174 omnes
885 2134 1092 2175 similiter
1100 2135 1330 2187 peribitis]
1684 2129 1746 2159 1‘5‘

217 2203 337 2254 (112)
368 2201 525 2242 Adhuc
556 2208 700 2243 autem
730 2216 858 2255 quam
888 2203 942 2243 sit
970 2204 1167 2256 patiens2
1197 2205 1389 2246 redditor
1417 2205 1666 2247 Altissimus

126 2271 208 2311 hiis
228 2272 300 2323 qui
328 2272 518 2311 converti
550 2271 754 2312 differunt
783 2272 837 2311 de
866 2272 934 2312 die
965 2272 1008 2313 in
1039 2273 1166 2323 diem,
1201 2275 1389 2315 ostendit
1415 2276 1665 2329 exemplum

127 2339 347 2393 quoddam
376 2340 492 2393 quod
520 2341 721 2393 predictis
752 2341 1070 2382 adnectendum
1099 2342 1336 2385 videbatur.
1397 2344 1664 2398 Exemplum

127 2415 270 2449 autem
292 2409 373 2449 hoc
395 2415 469 2449 est.
531 2409 731 2462 Quedam
760 2423 918 2463 magna
945 2412 1123 2451 domina
1150 2426 1260 2462 cum,
1291 2420 1461 2454 mortuo
1487 2414 1666 2456 domino

126 2492 214 2528 suo,
234 2478 362 2519 vidua
382 2484 505 2527 esset,
527 2484 571 2518 et
590 2491 615 2518 a
637 2479 781 2519 multis
809 2479 851 2519 in
879 2480 1126 2533 coniugium
1154 2487 1381 2533 peteretur,
1410 2482 1532 2524 affuit
1559 2498 1665 2525 unus

127 2548 237 2587 inter
271 2548 376 2588 alios
417 2547 604 2600 pulcher,
648 2548 723 2588 sed
765 2562 937 2601 pauper,
972 2549 1129 2602 probus
1164 2564 1343 2604 corpore
1378 2558 1422 2592 et
1458 2553 1500 2592 in
1535 2554 1665 2595 armis

128 2616 293 2657 famose
312 2616 580 2656 exercitatus.
642 2615 835 2670 Cumque
851 2617 1076 2670 diligenter
1091 2619 1270 2659 instaret
1283 2619 1326 2660 in
1343 2621 1404 2660 sui
1420 2623 1663 2675 coniugium

128 2687 300 2727 flectere
321 2692 498 2727 conatus
519 2687 710 2727 animum
732 2687 919 2736 domine,
939 2693 982 2728 et
1003 2688 1190 2741 placeret
1208 2691 1247 2729 ei
1276 2690 1440 2731 ratione
1464 2692 1663 2745 corporis,

127 2757 296 2796 ratione
315 2769 418 2796 vero
439 2756 718 2809 paupertatis,
741 2762 787 2796 ut
808 2756 939 2797 moris
964 2764 1029 2797 est
1049 2757 1151 2810 [fol.
1173 2758 1278 2812 64⁶2]
1298 2759 1552 2812 displiceret,
1574 2763 1666 2803 vice

128 2826 315 2878 quadam
335 2825 422 2865 tale
443 2838 697 2877 responsum
720 2825 839 2865 dedit
861 2827 897 2865 ei
915 2841 922 2865 :
958 2826 1231 2876 ‘Karissime‚
1253 2841 1334 2880 ego
1355 2828 1451 2870 talis
1476 2830 1665 2882 domina,

622 2914 720 2945 1MSv
738 2921 905 2955 potentes.
1052 2916 1064 2935 2
1076 2917 1150 2949 MS.
1169 2922 1302 2958 patens.

889 2968 907 3010 5
