2025 3175
176 718 414 767 INDEX
460 718 955 766 RUBRICARUM
1002 717 1096 764 ET
1141 717 1704 766 CAPITULORUM.

472 839 597 879 PARS
632 839 801 880 L-DE
835 838 1001 880 REBUS
1035 837 1413 880 SUPERIORIBUS.

1620 943 1703 966 PAG.

225 991 290 1043 (Ι)
320 991 387 1031 De
407 990 530 1031 stella
555 989 722 1032 Christi
739 991 928 1043 qualiter
946 989 1148 1043 apparuit
1684 999 1699 1028 Ι

230 1063 288 1111 (2)
321 1060 390 1100 De
411 1060 604 1111 infantia
628 1059 795 1102 Christi
1685 1068 1699 1096 1

321 1129 390 1169 De
398 1130 553 1181 forma
564 1129 784 1181 passionis
808 1128 982 1171 Christi.

229 1200 287 1251 (3)
323 1198 392 1238 De
413 1197 553 1239 forma
574 1199 786 1251 passionis
809 1198 967 1240 Christi
1680 1206 1703 1236 2

225 1268 290 1320 (4)
321 1268 389 1308 De
409 1267 680 1308 confessione
704 1267 829 1308 Pilati
1682 1276 1705 1305 2

229 1339 287 1389 (5)
323 1337 392 1377 De
413 1337 647 1390 columpna
679 1338 744 1378 cui
776 1338 977 1390 alligatus
1008 1337 1089 1377 fuit
1114 1337 1242 1386 Iesus,
1275 1342 1318 1376 et
1349 1336 1404 1376 de
1434 1349 1563 1375 causa

438 1406 713 1447 tenebrarum
1680 1414 1703 1443 2

228 1476 293 1529 (6)
326 1476 612 1516 Deviihoris
1682 1483 1703 1523 3

226 1545 288 1597 (7)
325 1545 393 1585 De
414 1545 520 1585 hora
541 1545 861 1585 resurrectionis
1680 1553 1708 1592 4

328 1613 526 1664 Qualiter
542 1613 742 1655 Christus
757 1614 958 1667 apparuit
974 1613 1193 1666 discipulas
1207 1613 1406 1664 suz'spost
1421 1625 1560 1651 resur—

438 1683 670 1723 Vectz'onem.

226 1751 290 1804 (8)
322 1751 522 1805 Qualiter
543 1752 738 1801 Christus
760 1752 970 1805 apparuit,
992 1757 1069 1792 etc.
1680 1760 1707 1799 4

226 1821 290 1874 (9)
323 1821 392 1861 De
412 1835 540 1861 caeco
562 1822 767 1874 episcopo
788 1822 831 1861 in
855 1820 1098 1874 Campania
1115 1827 1158 1860 et
1179 1821 1233 1860 de
1254 1819 1370 1861 bono
1392 1832 1562 1859 rumore
1684 1825 1703 1867 5

321 1890 389 1930 De
413 1889 592 1943 Corpore
616 1888 792 1931 Christi.

197 1958 290 2011 (10)
323 1959 553 2000 Pulchrum
588 1959 838 2000 miraculum
872 1960 927 1999 de
958 1959 1190 1999 eukaristia
1222 1959 1265 1998 in
1296 1957 1401 1998 urbe
1433 1956 1563 1996 Atra-

438 2028 605 2069 batensi
1679 2024 1706 2064 6

197 2097 290 2149 (11)
322 2098 392 2138 De
414 2104 552 2138 morte
576 2098 771 2138 Mauricii
793 2098 983 2151 episcopi
1008 2097 1258 2137 Parisiensis
1681 2101 1705 2142 7

198 2166 291 2220 (12)
322 2167 391 2207 De
412 2173 550 2208 morte
573 2168 764 2220 magistri
789 2167 962 2208 Ricardi
985 2166 1235 2207 Albericani
1680 2172 1705 2213 7

198 2236 237 2287 (Ι
248 2235 292 2287 3)
324 2235 393 2276 De
416 2242 555 2276 morte
578 2236 746 2278 Urbani
769 2250 910 2290 papae
935 2236 1016 2277 III.
1681 2233 1705 2272 8

197 2304 290 2356 (14)
324 2304 393 2344 De
414 2305 605 2358 quodam
626 2313 825 2346 sumente
848 2306 1015 2359 Corpus
1039 2306 1216 2346 Domini
1239 2305 1418 2357 indigne
1682 2302 1706 2341 8

197 2374 292 2426 (15)
325 2374 393 2413 De
415 2375 603 2427 quodam
625 2376 896 2416 custodiente
918 2374 1194 2416 eukaristiam
1217 2375 1259 2414 in
1282 2387 1357 2414 ore
1682 2371 1707 2411 8

201 2442 288 2493 (16)
324 2442 393 2482 De
414 2443 592 2483 ecclesia
614 2458 737 2484 cerea
817 2477 825 2484 .
857 2477 864 2485 .
1031 2477 1038 2484 .
1680 2453 1709 2492 9

197 2512 290 2564 (17)
324 2511 392 2552 De
413 2511 618 2553 demonio
639 2519 683 2553 et
705 2513 898 2567 Corpore
920 2477 1079 2555 Christi
1165 2546 1172 2553 .
1204 2545 1211 2552 .
1680 2523 1709 2563 9

198 2580 291 2633 (18)
325 2580 394 2620 De
416 2582 629 2622 monacho
660 2583 836 2623 nomine
870 2583 988 2623 Iusto
1020 2583 1092 2635 qui
1118 2582 1267 2622 habuit
1298 2588 1383 2621 tres
1415 2592 1564 2620 aureos

438 2649 689 2691 occultos...
1654 2657 1707 2687 10

202 2720 289 2771 (19)
326 2718 395 2758 De
416 2719 587 2771 captivo
609 2720 748 2760 soluto
1659 2727 1703 2756 11

201 2790 288 2838 (20)
325 2788 394 2827 De
415 2794 549 2828 nauta
570 2788 740 2829 Varaca
761 2790 938 2829 nomine
1659 2796 1707 2825 12

203 2859 291 2907 (21)
329 2857 398 2896 De
422 2856 625 2909 Cipriano
647 2864 776 2910 capto
796 2872 821 2898 a
843 2858 984 2898 Persis
1660 2865 1709 2907 13
