2052 3278
118 2104 225 2146 Greg.

124 2149 253 2180 Homil.
272 2148 305 2178 in

123 2193 269 2232 Evang.,

124 2237 169 2273 II,
188 2236 284 2266 xxxix

125 2279 234 2320 (P.L.‚

122 2323 223 2360 lxxvi,

127 2366 234 2407 1300).

120 2424 210 2454 Mat.
229 2423 292 2460 xxi,

122 2477 154 2498 1.

337 184 390 226 72
763 175 956 216 LIBER
989 175 1441 218 EXEMPLORUM

334 292 509 344 quidem
543 296 644 332 tunc
679 292 888 345 temporis
919 296 980 343 40r
1013 305 1136 345 reges
1166 292 1221 332 ad
1254 293 1394 333 minus
1425 292 1593 333 fuerunt
1626 291 1668 331 in
1702 291 1876 343 Anglia.

336 360 446 401 Erat
480 366 625 401 autern
663 360 812 401 beatus
847 360 1075 402 Oswaldus
1111 375 1191 401 rex
1229 361 1498 404 Christianus
1532 373 1681 401 amore
1718 359 1878 401 Christi

331 429 683 479 ferventissimus,
724 428 953 470 sanctitate
997 430 1194 480 eximius,
1236 429 1371 471 cultor
1412 443 1651 484 pauperum
1697 435 1741 470 et
1790 429 1876 470 ele-

334 498 627 538 emosinarum
660 498 839 539 'amator
878 499 1114 552 precipuus.
1178 498 1296 540 Sane
1337 500 1523 553 contigit
1563 497 1634 538 die
1674 499 1877 551 quadam,

333 572 391 614 ut,
433 580 533 620 rege
573 567 750 607 sedente
790 567 844 607 ad
887 581 1082 608 mensam
1125 574 1168 609 et
1208 569 1331 610 iuxta
1371 582 1468 609 eum
1506 572 1660 608 sancto
1696 566 1877 607 Aidano

333 637 540 689 episcopo
581 642 681 676 tunc
721 636 832 676 illius
867 638 1005 690 patrie
1041 638 1163 678 iuxta
1200 651 1298 678 eum
1337 638 1565 686 residente,
1604 637 1770 676 veniret
1805 637 1878 689 qui

331 717 478 744 curam
514 704 691 757 gerebat
722 718 960 759 pauperum
997 719 1054 746 ex
1092 706 1259 756 officio;
1302 713 1347 747 et
1384 706 1546 747 diceret
1582 706 1672 760 regi
1708 711 1878 746 tantam

332 774 498 814 venisse
535 774 855 816 multitudinem
887 788 1135 829 pauperum,
1173 777 1291 830 quod
1329 776 1450 818 multi
1491 781 1767 830 superessent
1806 775 1879 828 qui

331 843 463 884 nichil
499 842 760 895 habuissent,
797 859 877 885 nec
913 846 1097 899 amplius
1130 860 1223 886 esse
1259 847 1373 899 quod
1411 847 1473 886 eis
1509 851 1658 899 posset
1693 845 1879 897 erogari.

333 913 434 953 Rex
455 926 560 954 vero
592 913 647 954 de
678 913 935 967 pauperibus
966 914 1181 964 sollicitus,
1205 929 1300 956 cum
1333 915 1441 955 nihil
1472 920 1588 955 esset
1615 914 1671 955 ad
1701 926 1878 954 manum

331 982 445 1035 quod
478 983 538 1023 eis
569 982 673 1023 dare
703 983 927 1036 potuisset,
951 984 1152 1025 extendit
1183 998 1357 1025 manum
1390 985 1445 1024 ad
1479 983 1700 1024 scutellam
1731 995 1882 1036 argen-

330 1057 446 1092 team
487 1058 530 1092 et
570 1052 708 1093 dixit:
751 1052 938 1106 ‘Accipe
979 1053 1200 1094 scutellam
1241 1053 1352 1095 hanc
1392 1060 1436 1094 et
1475 1054 1533 1094 da
1572 1051 1880 1107 pauperibus’3

331 1120 513 1174 loquens
543 1122 599 1162 de
627 1122 816 1172 scutella,
847 1136 933 1163 non
967 1128 1139 1163 tantum
1173 1123 1228 1163 de
1257 1124 1471 1163 contentis
1502 1124 1544 1163 in
1576 1123 1684 1176 ipsa.
1748 1121 1879 1174 Quod

331 1196 374 1232 et
420 1190 582 1231 factum
628 1197 706 1233 est.
792 1191 916 1232 Tunc
960 1191 1196 1232 delectatus
1243 1197 1307 1232 est
1353 1192 1579 1245 episcopus
1625 1192 1668 1232 in
1715 1192 1882 1231 sincera

331 1260 598 1314 benignitate
624 1266 667 1301 et
695 1260 857 1313 pietate
884 1260 998 1314 regie
1028 1261 1196 1311 mentis,
1226 1267 1269 1301 et
1298 1275 1394 1301 cum
1426 1275 1585 1315 magna
1612 1261 1880 1301 iocunditate

329 1328 467 1370 cordis
493 1329 626 1370 dixit:
658 1331 667 1348 ‘
685 1329 936 1383 Numquam
962 1335 1179 1383 putrescat
1206 1329 1427 1370 brachium
1456 1330 1558 1370 illud
1572 1330 1592 1372 ’.
1654 1330 1750 1383 Que
1778 1342 1882 1369 sane

330 1400 585 1452 imprecacio
612 1413 700 1439 non
729 1413 754 1439 a
780 1413 880 1440 casu
904 1401 1033 1449 venit,
1059 1405 1125 1439 set
1149 1413 1207 1439 ex
1233 1400 1438 1439 instinctu
1462 1400 1633 1452 spiritus
1657 1399 1795 1439 sancti
1824 1412 1881 1439 ex

329 1481 402 1508 ore
422 1468 531 1509 illius
553 1468 801 1522 prophetice
823 1469 1053 1518 emanavit,
1078 1468 1188 1509 sicut
1207 1469 1349 1509 exitus
1370 1470 1430 1508 rei
1453 1468 1700 1509 declaravit.
1763 1468 1879 1508 Nam

330 1537 459 1578 beato
491 1537 697 1579 Oswaldo
728 1538 770 1578 in
801 1539 910 1578 iusto
938 1538 1050 1579 bello
1078 1538 1192 1591 quod
1222 1537 1380 1591 agebat
1409 1539 1516 1578 iuste
1544 1550 1773 1591 pungnans
1803 1550 1880 1590 pro

330 1608 468 1660 patria
499 1607 554 1647 ab
584 1606 778 1649 hostibus
810 1607 1085 1660 interempto,
1112 1606 1335 1648 brachium
1367 1607 1467 1647 illud
1498 1613 1773 1660 amputatum
1802 1612 1880 1656 est,

330 1681 395 1717 set
416 1688 636 1729 nunquam
658 1676 836 1730 putrivit
856 1690 935 1717 nec
957 1683 1199 1730 putrescere
1221 1683 1377 1730 potest,
1393 1677 1471 1716 sed
1494 1690 1667 1730 semper
1687 1681 1884 1716 remanet

329 1746 541 1799 integrum
563 1751 606 1786 et
628 1745 792 1786 illesum
822 1747 866 1786 in
895 1745 1021 1786 theca
1050 1747 1241 1799 preciosa
1270 1746 1585 1799 preciosissime
1605 1751 1881 1786 reservatum.

333 1814 372 1856 O
409 1820 571 1868 quanta
603 1816 735 1856 virtus
769 1815 1030 1856 eleemosine
1062 1815 1226 1868 absque
1259 1815 1393 1856 dubio
1431 1816 1473 1855 in
1506 1815 1637 1856 beato
1675 1813 1882 1856 Oswaldo

332 1886 436 1926 satis
472 1885 691 1925 evidenter
727 1889 771 1924 et
807 1884 1122 1925 rationabiliter
1158 1885 1350 1925 ostendit
1381 1884 1484 1938 [fol.
1515 1884 1618 1938 6902]
1652 1884 1882 1933 Dominus,

333 1954 450 2008 quod
479 1968 754 2008 nequaquam
785 1955 827 1994 in
851 1954 968 1995 viciis
995 1953 1177 1994 finaliter
1205 1960 1446 2007 putrescere
1467 1954 1639 2006 poterit,
1662 1954 1735 2006 qui
1756 1952 1885 1994 corde

334 2024 450 2065 bono
483 2029 528 2064 et
562 2023 677 2064 fideli
711 2024 982 2064 eleemosinis
1015 2023 1231 2064 deservire
1263 2024 1490 2064 studuerit.

425 2095 541 2145 (124)
574 2093 730 2133 Adhuc
753 2100 898 2134 autem
920 2107 1051 2133 unum
1072 2094 1252 2133 occurrit
1272 2093 1522 2146 exemplum
1546 2092 1602 2133 de
1623 2093 1885 2134 eleemosina

334 2163 525 2204 notabile
559 2163 673 2216 quod
712 2162 840 2203 refert
877 2162 1027 2203 beatus
1064 2162 1295 2215 Gregorius
1333 2163 1375 2202 in
1412 2162 1580 2202 omeliis
1616 2176 1744 2215 super
1780 2162 1884 2202 illud

335 2232 638 2286 ewangelium:
677 2231 785 2273 Cum
817 2233 1198 2285 appropinquasset
1216 2232 1337 2272 Iesus
1368 2231 1629 2284 ierosolymis
1656 2237 1747 2282 etc.,
1770 2232 1885 2271 cuius

336 2305 416 2343 ista
452 2303 580 2342 series
618 2307 694 2342 est.
757 2301 941 2343 Caritati
974 2307 1115 2342 vestre
1151 2301 1341 2341 indicare
1376 2301 1529 2341 studeo
1566 2301 1682 2354 quod
1718 2301 1779 2341 is1
1814 2302 1885 2353 qui

336 2378 483 2426 presto
517 2378 584 2412 est
613 2370 722 2412 filius
753 2385 874 2412 meus
905 2371 1177 2425 Epiphanius
1206 2371 1436 2423 dyaconus,
1467 2371 1509 2410 in
1546 2370 1752 2411 Hisauria
1788 2384 1886 2423 pro-

337 2441 476 2483 vincia
508 2447 698 2491 exortus,
726 2442 767 2481 in
795 2442 934 2481 vicina
954 2441 1118 2481 factum
1151 2446 1267 2480 terra
1300 2439 1536 2480 Lichaonie
1567 2440 1681 2480 solet
1710 2453 1887 2480 narrare

337 2511 601 2553 miraculum.
666 2510 745 2550 Ait
768 2516 913 2551 autem
943 2510 1060 2563 quod
1086 2511 1130 2550 in
1156 2524 1206 2550 ea
1231 2509 1421 2562 quidam,
1447 2510 1668 2550 Martirius
1695 2509 1885 2558 nomine,

335 2583 422 2622 vite
438 2581 564 2621 valde
579 2580 838 2621 venerabilis
860 2579 1094 2620 monachus
1117 2579 1206 2629 fuit,
1226 2580 1297 2633 qui
1319 2592 1376 2619 ex
1398 2593 1475 2620 suo
1497 2580 1764 2620 monasterio
1785 2578 1884 2618 visi-

336 2652 510 2692 tationis
533 2651 672 2703 gratia
694 2650 748 2690 ad
773 2650 886 2690 aliud
910 2649 1223 2689 monasterium
1245 2648 1467 2689 tendebat.
1528 2649 1719 2701 Pergens
1740 2649 1885 2700 itaque

335 2720 553 2774 leprosum
571 2720 800 2773 quendam,
818 2731 944 2771 quem
963 2719 1107 2758 densis
1124 2717 1370 2758 vulneribus
1388 2718 1689 2771 elephantinus
1708 2716 1885 2757 morbus

337 2802 413 2843 per
434 2788 631 2830 membra
655 2788 890 2837 fedaverat,
919 2787 1084 2828 invenit
1105 2788 1146 2827 in
1170 2788 1251 2836 via,
1275 2787 1494 2827 volentem
1517 2787 1570 2827 ad
1595 2800 1718 2827 suum
1739 2785 1885 2839 hospi-

1015 2881 1026 2900 1
1039 2882 1114 2913 MS.
1133 2880 1209 2912 hiis.
