2052 3278
78 777 153 809 Lib.
170 778 211 810 de

79 821 251 853 Miraculis

78 865 216 897 B.V.M.

78 2234 164 2267 Ibid.

291 255 345 296 24
717 241 907 283 LIBER
940 239 1392 282 EXEMPLORUM

291 362 352 401 ita
371 367 418 401 ut
438 361 578 401 cuncti
601 359 673 412 qui
695 359 874 399 aderant
895 357 1050 397 scirent
1065 357 1167 409 quia
1182 356 1375 409 genitrici
1394 369 1452 395 ex
1470 369 1547 395 suo
1567 368 1639 395 ore
1659 354 1834 395 fecisset

290 431 512 472 servicium
536 429 651 482 quod
672 428 750 469 sibi
771 427 922 467 fuisset
943 425 1159 480 placitum.
1223 425 1282 466 Et
1302 425 1441 466 dilato
1460 438 1639 478 corpore
1659 425 1749 464 eius
1771 424 1826 464 ad

289 500 545 540 cimiterium
568 510 664 538 cum
689 496 773 537 Dei
794 495 992 536 laudibus
1023 495 1224 535 decenter
1245 494 1514 546 sepelierunt.
1579 492 1708 545 Quod
1740 506 1827 533 non

290 568 427 608 solum
449 580 527 620 pro
548 566 620 606 illo
641 572 707 606 set
727 566 862 605 eciam
883 577 962 617 pro
983 564 1105 604 nobis
1125 563 1208 604 hoc
1234 564 1447 604 credimus
1469 576 1561 603 esse
1581 562 1647 602 vel
1677 560 1834 602 fecisse·

289 643 483 678 sanctam
505 634 588 676 Dei
609 635 871 688 genitricem,
893 635 1094 687 quatinus
1115 639 1204 674 tam
1227 646 1305 673 nos
1329 646 1459 686 quarn
1491 632 1573 673 hoc
1604 631 1828 671 audientes

288 705 564 746 attendamus
586 705 628 744 in
651 703 735 744 Dei
756 702 1006 757 genitricem
1028 708 1071 742 et
1092 703 1181 742 eius
1201 714 1410 742 amorem.

375 774 468 827 (41)
501 772 747 814 Secundum
764 771 1015 824 exemplum
1038 771 1091 810 de
1110 771 1263 811 eodem
1285 769 1393 810 libro
1413 769 1651 809 collectum.
1703 767 1835 808 Alter

289 857 460 897 quoque
480 842 656 895 quidam
678 841 851 881 clericus
872 841 914 880 in
936 839 1126 893 quodam
1159 839 1254 879 loco
1285 837 1540 887 morabatur,
1561 838 1634 890 qui
1664 843 1707 877 et
1738 838 1830 890 ipse

290 914 386 954 Deo
415 919 459 953 et
488 912 578 952 eius
606 911 722 952 alme
752 910 948 963 genitrici
980 910 1083 950 satis
1114 915 1206 948 erat
1238 908 1429 957 devotus,
1462 907 1534 960 qui
1556 908 1667 947 inter
1686 911 1830 947 cetera

284 989 458 1023 actuum
493 981 704 1022 bonorum
739 980 891 1028 studia,
923 980 1076 1032 quibus
1107 979 1249 1019 eidem
1282 983 1429 1018 sancte
1461 978 1629 1030 Virgini
1661 976 1828 1029 placere

285 1052 471 1102 curabat,
493 1050 605 1091 hanc
625 1049 909 1103 antiphonam
931 1051 974 1089 in
994 1050 1084 1089 eius
1114 1048 1284 1088 laudem
1315 1048 1474 1087 devota
1506 1052 1654 1087 mente
1671 1046 1827 1087 decan-

285 1122 416 1163 tabat.
478 1120 654 1162 ‘Gaude
688 1120 773 1160 Dei
805 1120 1009 1173 genitrix,
1035 1119 1177 1172 Virgo
1212 1117 1498 1158 immaculata„
1562 1116 1715 1157 Gaude
1746 1129 1829 1169 que

284 1192 491 1246 gaudium
532 1190 588 1231 ab
628 1189 782 1243 angelo
822 1189 1060 1242 suscepisti.
1145 1186 1299 1228 Gaude
1342 1201 1425 1240 que
1464 1186 1651 1239 genuisti
1695 1186 1829 1225 eterni

286 1262 456 1302 luminis
470 1260 482 1283 1
504 1260 758 1301 claritatem.
825 1259 977 1300 Gaude
999 1262 1149 1306 mater,
1174 1256 1326 1297 Gaude
1348 1260 1499 1296 sancta
1522 1255 1605 1295 Dei
1628 1254 1830 1296 Genitrix

286 1331 433 1385 Virgo.
499 1330 567 1370 Tu
603 1329 692 1369 sola
729 1334 866 1369 mater
900 1329 1091 1380 innupta.
1156 1325 1220 1365 Te
1256 1325 1402 1365 laudat
1437 1325 1576 1365 omnis
1612 1324 1832 1365 creatura2

285 1401 538 1454 genitricem
571 1399 688 1441 lucis.
754 1398 822 1440 Sis
853 1410 931 1450 pro
962 1396 1087 1437 nobis
1118 1408 1348 1449 quesumus
1373 1394 1475 1448 [fol.
1501 1394 1602 1447 36⁶2]
1624 1400 1831 1447 perpetua

285 1468 593 1511 interventrix.‘
658 1468 745 1508 Hic
780 1480 883 1519 ergo
918 1479 1013 1506 cum
1053 1466 1257 1518 languore
1290 1469 1508 1517 correptus
1543 1464 1597 1504 ad
1634 1469 1831 1503 extrema

284 1540 560 1594 pervenisset,
602 1539 715 1591 cepit
752 1538 920 1577 anxiari
964 1542 1008 1576 et
1048 1548 1205 1588 pavore
1244 1534 1380 1574 nimio
1420 1532 1669 1586 perturbari.
1751 1532 1831 1574 Cui

285 1623 499 1663 apparens
538 1615 688 1648 sancta
727 1606 866 1660 Virgo
912 1606 1052 1646 Maria
1094 1603 1206 1645 dixit
1247 1604 1310 1644 ei:
1357 1602 1469 1644 ‘Cur
1511 1608 1634 1643 tanto
1674 1602 1831 1642 timore

285 1679 474 1732 trepidas
511 1678 581 1731 qui
618 1678 780 1718 tociens
818 1675 946 1716 michi
987 1674 1193 1728 gaudium
1234 1672 1502 1713 enunciasti?
1564 1671 1633 1712 Ne
1675 1684 1831 1725 paveas

285 1748 489 1801 quoniam
530 1746 589 1787 nil
631 1745 733 1787 mali
776 1744 965 1798 pacieris‚
1007 1749 1072 1783 set
1111 1742 1256 1796 gaudii
1278 1742 1394 1794 quod
1431 1740 1535 1781 mihi
1573 1739 1834 1794 precinebas,

286 1817 447 1857 amodo
488 1829 656 1857 mecum
702 1815 915 1868 particeps
951 1812 1058 1854 eris!
1141 1810 1340 1851 Audiens
1371 1811 1452 1850 hoc
1483 1810 1553 1850 ille
1583 1810 1752 1863 putavit
1789 1822 1837 1849 se

287 1886 458 1927 sanitati
505 1886 757 1934 restitutum,
808 1891 852 1924 et
901 1883 1005 1923 dum
1057 1896 1102 1922 se
1153 1895 1249 1922 cum
1300 1880 1442 1921 leticia
1497 1880 1658 1933 erigere
1708 1879 1838 1920 vellet

286 1955 429 1996 anima
473 1955 561 1996 eius
602 1969 627 1995 a
667 1967 845 2006 corpore
886 1951 1113 2006 egrediens
1155 1951 1278 2004 petiit
1319 1950 1507 2004 paradisi
1550 1948 1718 2002 gaudia,
1761 1948 1833 1989 ubi

287 2027 395 2066 sicut
436 2025 689 2077 promiserat
729 2023 768 2063 ei
810 2028 955 2062 sancta
995 2021 1076 2061 Dei
1117 2020 1307 2073 genitrix
1343 2019 1542 2059 letabitur
1576 2033 1650 2072 per
1685 2025 1834 2059 eterna

288 2094 440 2134 secula.
503 2093 621 2146 Ergo
651 2091 923 2146 pensandum
955 2097 1019 2131 est
1051 2096 1259 2143 quantum
1296 2088 1450 2129 debeat
1486 2095 1628 2129 mente
1663 2089 1834 2129 retineri

289 2178 372 2217 que
402 2163 482 2204 sibi
514 2162 795 2203 servientibus
826 2175 913 2202 non
944 2161 1103 2201 desinit
1133 2159 1339 2200 auxiliari.

377 2234 468 2285 (42)
504 2232 696 2273 Tertium
731 2231 1008 2283 exemplum:
1042 2229 1123 2269 fuit
1144 2228 1320 2282 quidam
1342 2229 1415 2281 qui
1452 2227 1685 2268 vocabatur
1704 2226 1834 2267 Ebbo

289 2303 362 2355 qui
383 2301 636 2342 multociens
659 2314 723 2341 res
739 2300 899 2341 alienas
914 2299 1115 2352 rapiebat,
1136 2298 1399 2350 aliorumque
1416 2296 1669 2337 substanciis
1688 2295 1832 2336 furtim

288 2371 426 2411 allatis
447 2376 655 2423 tanquam
675 2370 761 2409 suis
783 2382 827 2409 se
853 2367 1005 2409 alebat.
1065 2367 1274 2407 Attamen
1309 2372 1500 2407 sanctam
1533 2364 1617 2405 Dei
1649 2370 1833 2405 matrem

289 2439 573 2480 venerabatur
604 2452 660 2479 ex
690 2438 828 2488 corde,
861 2437 1081 2489 eciamque
1113 2436 1168 2475 ad
1202 2434 1470 2476 latrocinium
1502 2435 1605 2476 dum
1638 2440 1837 2488 pergeret

289 2510 511 2550 exorando
543 2521 637 2549 eam
665 2506 878 2548 salutabat
899 2505 1186 2547 devotissime.
1249 2504 1443 2558 Contigit
1467 2510 1610 2545 autem
1644 2503 1833 2557 quadam

291 2579 360 2619 die
382 2580 485 2619 dum
499 2578 685 2631 quedam
704 2590 789 2617 non
808 2589 882 2616 sua
898 2574 1114 2624 furaretur,
1132 2580 1177 2614 ut
1197 2573 1338 2614 subito
1359 2586 1563 2626 pervasus
1584 2573 1639 2614 ab
1654 2571 1838 2613 inimicis

291 2648 375 2688 suis
395 2647 838 2701 comprehenderetur.
919 2646 1004 2698 Qui
1035 2644 1139 2684 dum
1163 2656 1209 2684 se
1228 2658 1253 2684 a
1273 2650 1392 2684 reatu
1424 2656 1605 2698 purgare
1639 2644 1835 2694 nequiret

291 2717 447 2758 iudicio
486 2717 739 2757 arbitrorum
782 2715 997 2755 decretum
1042 2719 1106 2754 est
1155 2719 1202 2754 ut
1241 2726 1470 2767 suspensus
1509 2713 1643 2753 vitam
1686 2711 1837 2751 finiret.

293 2787 459 2828 Ductus
504 2788 648 2839 itaque
679 2791 745 2826 est
787 2786 841 2825 ad
874 2785 1072 2837 laqueam
1117 2784 1207 2823 sine
1247 2783 1528 2823 miseracione
1560 2781 1641 2822 ulla
1671 2787 1716 2821 ut
1747 2794 1836 2820 sus-

290 2858 549 2910 penderetur
589 2856 678 2896 sine
721 2868 854 2896 mora.
947 2853 1144 2906 Cumque
1185 2865 1237 2893 eo
1282 2865 1488 2905 suspenso
1508 2851 1523 2875 ³
1563 2850 1695 2904 pedes
1744 2850 1838 2890 eius

478 2947 489 2966 1
501 2947 575 2979 MS.
595 2946 677 2978 e'c'cii
693 2945 804 2977 lumis.
937 2944 950 2963 ‘2
962 2944 1035 2975 MS.
1055 2943 1196 2975 factura.
1329 2943 1342 2963 3
1357 2943 1431 2974 Ms.
1450 2951 1645 2983 suspensus
