2052 3278
755 208 841 248 DE
875 206 1083 248 CRUCE
1641 213 1686 256 15

154 327 343 381 dyabolo
369 326 562 380 protinus
589 324 757 364 cecidit.
819 323 1017 375 Cumque
1041 326 1281 369 vexaretur,
1310 320 1418 372 patri
1449 320 1694 360 monasterii

156 401 304 436 sancto
326 394 508 448 Equicio
529 391 607 433 sub
628 391 847 432 celeritate
867 392 1112 431 nunciatum
1134 395 1209 438 est,
1234 395 1281 429 ut
1300 389 1463 428 veniret
1493 388 1695 435 concitus,

153 470 196 505 et
227 464 390 504 orando
421 461 709 503 succurreret.l
773 460 969 512 Moxque
1003 465 1050 499 ut
1082 465 1222 499 ortum
1252 458 1368 498 idem
1401 457 1608 511 presbiter
1636 458 1697 496 in-

156 546 327 587 gressus
357 538 433 580 est,
459 530 572 583 cepit
603 543 659 569 ex
692 528 783 569 eius
814 541 886 568 ore
917 528 1039 580 quasi
1070 527 1333 568 satisfaciens
1364 527 1455 579 ipse
1485 527 1557 579 qui
1587 525 1698 566 hanc

117 618 119 620 ·
158 603 392 655 arripuerat
413 599 624 653 dyabolus
645 598 828 638 clamare
859 597 1026 637 dicens:
1059 595 1180 650 ‘Ego
1210 596 1311 649 quid
1341 596 1453 636 feci?
1482 609 1563 648 ego
1593 595 1697 648 quid

157 670 269 711 feci?
293 669 495 711 sedebam
518 666 623 708 mihi
645 681 772 720 super
793 666 1003 706 lactucam
1022 680 1031 716 3
1052 666 1168 705 venit
1189 664 1257 705 illa
1278 671 1322 705 et
1343 665 1576 705 momordit
1597 678 1666 705 me
1679 664 1697 704 ’.

160 739 239 781 Cui
270 752 367 779 cum
402 738 522 792 gravi
559 736 856 789 indignacione
888 733 952 774 vir
983 734 1066 773 Dei
1097 735 1286 787 precepit
1315 740 1362 774 ut
1391 733 1626 781 abcederet,
1658 739 1701 773 et

159 807 299 848 locum
323 807 364 847 in
386 804 694 858 omnipotentis
724 802 886 843 famula
917 815 1002 842 non
1034 800 1224 843 haberet.
1288 802 1373 854 Qui
1405 804 1597 855 protinus
1627 801 1700 842 ab·

158 876 284 917 cessit
303 889 381 916 nec
402 888 498 915 eam
529 874 776 926 contingere
805 871 916 912 ultra
947 870 1167 925 prevaluit.
1229 870 1422 924 Explicit
1441 872 1700 925 exemplum.

159 945 355 985 —Vides
376 957 479 996 ergo
501 943 701 983 virtutem
733 942 879 989 crucis,
900 954 958 980 ex
988 940 1069 979 hoc
1101 939 1274 992 quidem
1306 940 1422 992 quod
1455 939 1604 980 mulier
1633 939 1704 980 illa

159 1013 334 1054 herbam
367 1012 480 1053 illam
513 1025 599 1051 non
640 1010 875 1059 benedixit,
907 1009 1115 1062 dyabolus
1156 1008 1306 1049 habuit
1345 1015 1603 1062 potestatem
1643 1011 1704 1049 in-

160 1082 302 1123 trandi
343 1082 386 1122 in
427 1083 565 1134 ipsam
607 1085 650 1120 et
683 1093 780 1119 eam
817 1078 1005 1119 vexandi
1041 1077 1276 1118 secundum
1313 1078 1428 1131 quod
1472 1078 1703 1132 Gregorius

159 1157 325 1192 narrat:
356 1156 401 1191 et
430 1156 606 1203 propter
636 1149 717 1189 hoc
749 1148 1139 1200 intelligerepotes
1170 1147 1286 1200 quod
1314 1147 1348 1187 si
1379 1146 1556 1187 herbam
1588 1148 1702 1188 illam

158 1221 381 1274 signasset,
412 1218 623 1272 dyabolus
655 1231 782 1271 super
813 1231 908 1257 eam
941 1221 1198 1269 potestatem
1229 1230 1312 1256 non
1343 1215 1571 1257 habuisset.

252 1289 341 1339 (26)
378 1287 510 1328 Aliud
538 1286 790 1340 exemplum
819 1286 873 1326 de
897 1286 1053 1326 virtute
1080 1286 1216 1326 crucis
1239 1285 1428 1326 notabile
1454 1287 1637 1339 reperies
1662 1287 1702 1325 in
1716 1294 1820 1342 Greg.

167 1370 189 1410 3
229 1358 512 1410 Dialogorum
537 1356 609 1397 ubi
637 1357 697 1396 sic
722 1355 867 1396 scribit
892 1355 1041 1396 beatus
1071 1355 1313 1407 Gregorius,
1376 1354 1579 1407 Quodam
1605 1369 1704 1395 vero
1715 1337 1818 1414 {hah
1835 1336 1898 1375 Μ’

163 1427 233 1467 die
256 1427 413 1467 Iudeus
435 1426 612 1478 quidam
631 1439 688 1465 ex
706 1424 943 1476 Campanie
959 1423 1149 1477 partibus
1167 1423 1355 1463 Romam
1373 1424 1544 1464 veniens
1561 1423 1706 1477 Appie

161 1495 365 1549 carpebat
393 1496 486 1537 iter.
565 1494 651 1547 Qui
683 1494 736 1534 ad
776 1493 1034 1533 Fundanum
1067 1492 1286 1545 [clivum]2
1318 1494 1580 1545 perveniens,
1610 1506 1706 1533 cum

162 1566 249 1606 iam
271 1565 387 1605 diem
409 1577 708 1617 vesperascere
727 1568 929 1613 cerneret,
951 1568 994 1601 et
1016 1575 1101 1614 quo
1124 1561 1335 1601 declinare
1366 1568 1509 1615 posset
1530 1563 1707 1603 minime

164 1635 378 1688 reperiret,
395 1633 517 1673 iuxta
534 1631 778 1686 Appolonis
800 1630 1010 1684 templum
1033 1630 1121 1679 suit,
1136 1630 1279 1684 ibique
1299 1644 1345 1671 se
1364 1631 1418 1671 ad
1442 1632 1703 1672 manendum

165 1702 354 1743 contulit.
421 1701 507 1752 Qui
529 1702 669 1754 ipsum
696 1699 776 1741 loci
798 1700 907 1740 illius
929 1700 1194 1753 sacrilegium
1217 1701 1534 1752 pertimescens,
1554 1713 1704 1753 quam-

165 1772 229 1812 vis
251 1771 383 1812 fidem
404 1771 538 1811 crucis
560 1770 737 1810 minime
757 1768 946 1818 haberet,
975 1770 1098 1822 signo
1127 1773 1273 1809 tamen
1302 1770 1437 1809 crucis
1467 1783 1512 1809 se
1544 1770 1707 1809 munire

167 1842 342 1882 curavit.
407 1839 549 1880 Nocte
575 1844 721 1879 autem
754 1839 897 1878 media
925 1839 1019 1891 ipso
1048 1838 1290 1878 solitudinis
1316 1852 1474 1890 pavore
1501 1839 1706 1888 turbatus,

165 1908 348 1964 'pervigil
362 1909 528 1950 iacebat
543 1913 585 1948 et
597 1913 772 1961 repente
785 1907 1052 1960 conspiciens
1065 1907 1173 1948 vidit
1187 1907 1470 1960 malignorum
1487 1908 1707 1961 spirituum

168 1979 338 2020 turbam
361 1978 482 2031 quasi
504 1978 546 2017 in
569 1977 820 2030 obsequium
841 1977 1064 2017 cuiusdam
1086 1977 1312 2029 potestatis
1329 1978 1477 2030 preire,
1496 1991 1592 2017 eum
1608 1991 1711 2017 vero

169 2049 243 2101 qui
280 2052 448 2100 preerat
483 2046 645 2095 ceteris,
684 2046 727 2085 in
762 2046 954 2086 eiusdem
990 2046 1156 2098 gremio
1193 2046 1273 2086 loci
1308 2046 1561 2087 consedisse.
1622 2045 1709 2098 Qui

169 2117 285 2170 cepit
307 2115 572 2169 singulorum
593 2115 816 2168 spirituum
838 2115 1173 2167 obsequencium
1205 2114 1285 2154 sibi
1315 2128 1463 2155 causas
1484 2115 1586 2168 [sol.
1611 2115 1711 2168 goa]

172 2192 378 2237 actusque
427 2184 648 2233 discutere,
688 2184 887 2236 quatinus
933 2183 1221 2236 unusquisque
1267 2189 1474 2236 quantum
1520 2184 1712 2237 nequicie

172 2255 328 2308 egisset
358 2254 578 2294 inveniret.
640 2253 836 2305 Cumque
870 2252 1025 2293 Iudeus
1055 2253 1127 2306 qui
1159 2253 1391 2293 advenerat
1420 2253 1502 2293 hoc
1532 2253 1712 2307 vigilans

172 2327 360 2364 cerneret
393 2328 436 2362 et
473 2335 628 2375 magne
662 2322 903 2362 formidinis
933 2323 1156 2362 anxietate
1192 2322 1434 2375 palpitaret,
1469 2323 1524 2364 ab
1557 2323 1710 2364 eodem

176 2391 326 2445 spiritu
363 2392 434 2444 qui
474 2392 637 2431 cunctis
677 2391 756 2432 illis
796 2391 1128 2445 obsequentibus
1168 2397 1334 2445 preerat
1373 2393 1532 2433 iussum
1568 2398 1632 2433 est
1667 2399 1713 2433 ut

176 2460 437 2513 requirerent
459 2461 654 2513 quisnam
676 2466 788 2501 esset
808 2460 879 2501 ille
900 2462 972 2514 qui
1001 2462 1138 2501 iacere
1170 2462 1212 2501 in
1243 2462 1407 2514 templo
1437 2462 1589 2502 eodem
1621 2475 1714 2515 pre-

177 2529 439 2582 sumpsisset.
510 2528 583 2568 Ad
616 2542 746 2582 quem
783 2529 960 2583 maligni
992 2531 1165 2583 spiritus
1196 2536 1419 2583 pergentes
1453 2536 1494 2570 et
1524 2531 1716 2572 subtilius

176 2599 401 2647 intuentes,
422 2598 553 2638 crucis
576 2598 769 2638 misterio
790 2599 1006 2653 signatum
1035 2599 1244 2647 viderunt,
1265 2598 1555 2652 mirantesque
1576 2600 1717 2640 dixer-

178 2674 278 2708 unt:
311 2668 416 2715 ‘Va,
445 2681 507 2716 va,
538 2681 612 2707 vas
643 2681 822 2708 vacuum
853 2674 916 2708 set
946 2667 1198 2722 signatum'.
1261 2668 1427 2721 Quibus
1454 2668 1535 2709 hoc
1561 2682 1717 2709 renun-

175 2736 398 2784 ciantibus,
440 2742 591 2776 cuncta
631 2736 702 2777 illa
743 2737 1029 2790 malignorum
1070 2739 1292 2791 spirituum
1333 2738 1460 2778 turba
1500 2738 1716 2791 disparuit.

183 2805 337 2846 Iudeus
357 2818 458 2846 vero
484 2806 556 2858 qui
587 2805 668 2845 hoc
697 2806 862 2846 viderat
887 2806 981 2846 ilico
1007 2807 1192 2846 surrexit
1216 2812 1259 2846 et
1282 2806 1335 2846 ad
1358 2806 1579 2847 Andream
1605 2807 1717 2847 Fun-

397 2900 408 2919 1
421 2901 496 2932 MS.
515 2906 715 2933 occurreret.
848 2900 860 2920 2
871 2901 944 2933 MS.
963 2901 1075 2932 leaves
1092 2911 1111 2932 a
1126 2901 1229 2932 blank
1246 2901 1295 2933 for
1312 2901 1380 2932 this
1396 2901 1498 2933 word.
