2052 3278
370 236 423 278 50
792 225 984 267 LIBER
1018 225 1469 269 EXEMPLORUM

367 344 582 383 Dominus
603 343 718 396 quod
740 342 949 396 dyabolus
972 343 1059 395 egit
1079 344 1189 384 circa
1217 343 1391 384 fratrem
1416 343 1535 383 illum
1553 356 1562 392 ;
1596 348 1640 383 et
1667 342 1775 382 vidit
1803 356 1901 382 eum

365 426 501 453 senex
526 413 749 452 sedentem
776 417 821 451 et
847 412 1042 464 spiritum
1073 411 1372 453 fornicacionis
1399 413 1442 453 in
1470 411 1648 452 diversis
1678 411 1902 452 mulierum

366 480 513 521 formis
535 482 656 521 iuxta
680 480 797 520 illurn
831 481 952 533 quasi
985 480 1205 522 ludentem
1238 494 1334 522 cum
1368 495 1432 531 eo,
1469 487 1512 521 et
1546 479 1723 533 angelus
1757 480 1902 521 stabat

367 549 522 590 missus
549 549 587 589 ei
616 550 658 589 in
691 549 963 599 adiutorium,
993 555 1035 590 et
1063 549 1368 604 indignabatur
1391 556 1541 591 contra
1569 549 1743 590 fratrem
1772 549 1903 598 illum,

365 618 466 671 quia
485 631 573 658 non
596 617 893 670 prosternebat
913 632 959 658 se
979 624 1045 659 set
1064 618 1356 660 delectabatur
1375 619 1418 660 in
1440 618 1777 672 cogitacionibus
1805 619 1903 668 suis,

365 693 507 728 totam
529 693 719 727 mentem
740 700 862 728 suam
885 688 939 728 ad
966 702 1040 728 eas
1070 689 1287 731 inclinans.
1352 689 1412 729 Et
1438 688 1617 742 agnovit
1642 701 1776 728 senex
1804 688 1905 741 quia

365 769 493 797 causa
515 755 651 809 magis
672 763 737 797 est
757 756 813 796 ab
833 757 986 798 eodem
1010 756 1156 808 fratre,
1179 765 1223 799 et
1244 759 1519 799 annunciavit
1536 757 1586 807 ei,
1604 758 1750 798 dicens
1770 772 1777 799 z
1814 757 1906 797 ‘Tu

364 827 585 866 consentis
604 825 938 879 cogitacionibus
959 827 1042 867 tuis
1056 826 1080 867 '.
1145 827 1204 868 Et
1225 829 1371 868 docuit
1393 841 1491 868 eum
1514 827 1735 880 quomodo
1758 825 1907 867 debuit

366 894 519 936 talibus
533 895 872 948 cogitacionibus
887 896 1095 937 obsistere
1109 910 1117 947 3
1139 903 1183 937 et
1200 897 1414 950 respirans
1429 896 1557 936 frater
1571 908 1646 949 per
1661 896 1906 936 doctrinam

367 963 474 1004 illius
496 970 539 1004 et
559 965 795 1005 orationem
817 966 1007 1018 requiem
1030 965 1192 1006 invenit
1211 980 1236 1006 a
1259 967 1545 1020 temptatione
1567 964 1651 1006 illa.

152 1044 308 1081 V.P.,V‚
456 1035 544 1087 (89)
582 1033 712 1074 Aliud
747 1033 803 1074 ad
834 1035 959 1075 idem.
1023 1035 1160 1075 Venit
1194 1034 1326 1076 frater
1359 1036 1413 1076 ad
1447 1035 1651 1076 abbatem
1689 1034 1907 1074 Pastorem

155 1088 296 1169 {332
366 1104 511 1144 dicens
545 1104 605 1144 ei:
639 1103 807 1144 ‘Multe
842 1104 1128 1157 cogitaciones
1163 1105 1344 1146 veniunt
1378 1104 1420 1145 in
1458 1106 1650 1145 animam
1688 1116 1831 1144 meam
1866 1108 1910 1143 et

152 1178 225 1216 §55
247 1174 292 1216 (p.
368 1173 581 1226 periclitor
602 1173 644 1213 in
666 1172 758 1213 eis'.
820 1173 880 1213 Et
900 1173 1024 1214 eiecit
1045 1186 1143 1214 eum
1172 1188 1307 1215 senex
1334 1173 1413 1215 sub
1444 1188 1544 1215 aere
1572 1174 1688 1214 nudo
1721 1178 1765 1213 et
1797 1172 1910 1213 dixit

154 1220 242 1260 6⁰1)‘
369 1242 433 1284 ei:
466 1242 710 1295 ‘Expande
749 1243 890 1282 sinum
928 1248 1049 1283 tuum
1085 1249 1128 1283 et
1162 1244 1440 1296 apprehende
1472 1249 1651 1284 ventum
1666 1242 1687 1283 ’.
1749 1242 1809 1282 Et
1842 1241 1911 1281 ille

370 1312 615 1365 respondit:
648 1311 771 1351 ‘Non
800 1325 979 1364 possum
993 1311 1013 1352 '.
1077 1310 1155 1352 Cui
1181 1312 1275 1354 ille:
1310 1312 1426 1353 ‘Nec
1450 1313 1739 1366 cogitaciones
1767 1311 1911 1365 prohi-

369 1381 472 1422 bere
492 1386 614 1434 potes
635 1393 690 1420 ne
710 1381 939 1430 introeant,
961 1387 1027 1421 set
1048 1387 1169 1421 tuum
1191 1386 1256 1422 est
1278 1382 1474 1422 resistere
1494 1382 1554 1422 eis
1569 1384 1589 1422 ’.

156 1456 241 1488 Ibid.
259 1457 346 1497 §Sa
461 1450 551 1505 (90)
584 1450 713 1490 Dixit
732 1450 909 1503 quidam
932 1464 1067 1491 senex
1091 1451 1200 1491 sicut
1223 1451 1384 1492 ibidem
1412 1452 1627 1493 scribitur:
1663 1451 1787 1491 ‘Non
1812 1450 1911 1503 quia

158 1501 203 1542 (p.
221 1501 309 1542 ⁶⁰5)·
370 1520 534 1560 intrant
562 1520 849 1572 cogitaciones
880 1520 994 1560 male
1022 1521 1064 1560 in
1094 1534 1173 1561 nos
1201 1521 1579 1575 condempnamur
1601 1535 1658 1561 ex
1678 1520 1759 1560 hiis
1789 1525 1856 1560 set
1877 1519 1912 1559 si

372 1588 485 1629 male
524 1589 683 1629 utimur
720 1590 1069 1643 cogitacionibus
1150 1590 1222 1631 Fit
1263 1592 1380 1632 enim
1421 1597 1467 1632 ut
1508 1604 1583 1644 per
1627 1589 1913 1643 cogitaciones

369 1657 639 1711 naufragium
660 1659 892 1711 paciamur,
915 1665 959 1699 et
980 1660 1134 1700 iterum
1157 1660 1213 1701 de
1233 1659 1571 1713 cogitacionibus
1590 1657 1870 1700 coronemur?

156 1734 252 1772 V.P.‚
271 1733 352 1766 ibid.
457 1728 548 1782 (91)
583 1728 711 1769 Dixit
730 1728 836 1768 alius
858 1742 994 1769 senex
1017 1728 1126 1770 sicut
1147 1729 1308 1770 ibidem
1331 1730 1484 1783 legitur
1502 1746 1510 1771 ε
1546 1730 1680 1770 ‘Esto
1696 1727 1823 1769 velud
1841 1727 1915 1780 qui

156 1779 309 1864 ἴρξῇζ),
372 1798 527 1838 transit
548 1797 591 1836 in
619 1797 764 1850 platea
792 1811 870 1851 per
898 1798 1126 1839 tabernam
1155 1804 1198 1839 et
1230 1799 1347 1852 capit
1380 1799 1711 1852 uniuscuiusque
1744 1803 1916 1838 cocture

370 1867 550 1907 odorem
570 1872 617 1907 ut
638 1867 812 1907 alicuius
834 1873 1038 1910 assature.
1101 1868 1160 1908 Et
1180 1870 1252 1922 qui
1275 1869 1365 1909 vult
1388 1868 1630 1922 ingreditur
1659 1874 1703 1908 et
1733 1866 1913 1908 mandu-

372 1943 453 1977 cat.
516 1936 602 1990 Qui
624 1942 768 1976 autem
791 1950 879 1977 non
901 1936 1005 1987 vult,
1028 1938 1234 1978 odoratus
1252 1944 1318 1979 est
1334 1943 1503 1979 tantum
1521 1944 1565 1978 et
1580 1937 1792 1991 preteriit.
1849 1935 1917 1976 Ita

374 2011 416 2046 et
449 2011 495 2046 tu
521 2011 677 2046 excute
703 2004 898 2055 fetorem,
923 2018 1052 2059 surge
1079 2012 1123 2046 et
1151 2018 1237 2048 ora.
1301 2006 1454 2060 Neque
1483 2007 1600 2047 enim
1628 2006 1916 2046 eradicatores

373 2074 473 2128 [fol.
501 2084 519 2127 5
528 2073 596 2128 3l7]
617 2087 763 2114 sumus
784 2075 1100 2127 cogitacionum
1123 2081 1187 2115 set
1215 2081 1366 2116 contra
1394 2089 1466 2116 eas
1500 2073 1753 2118 luctatores?
1818 2073 1915 2115 Hec

374 2143 590 2184 sententia
609 2156 737 2197 super
757 2143 955 2184 scribitur
975 2144 1017 2184 in
1041 2143 1172 2184 Vitas
1203 2144 1393 2185 Patrum.

466 2215 552 2268 (92)
585 2213 710 2253 Nunc
723 2219 869 2253 autem
883 2214 917 2253 si
931 2214 1155 2267 contingat
1168 2215 1453 2267 cogitaciones
1468 2214 1526 2254 ita
1541 2227 1635 2254 esse
1648 2215 1918 2267 importunas

374 2284 490 2337 quod
514 2282 730 2336 principiis
751 2283 949 2323 resistere
970 2283 1149 2323 omnino
1169 2284 1249 2323 erit
1280 2281 1462 2332 difficile,
1490 2289 1591 2324 tunc
1622 2296 1841 2323 summum
1870 2288 1918 2323 ut

373 2351 504 2393 credo
531 2351 610 2392 erit
637 2351 877 2392 remedium
907 2352 961 2392 ad
990 2365 1158 2393 crucem
1187 2352 1253 2392 vel
1276 2353 1524 2405 passionem
1556 2351 1795 2394 Salvatoris
1817 2364 1918 2392 con-

373 2422 522 2476 fugere
546 2421 782 2462 secundum
811 2421 989 2461 modum
1015 2427 1058 2462 et
1086 2420 1289 2475 exempla
1318 2435 1446 2475 super
1475 2423 1516 2462 in
1549 2422 1629 2462 hac
1665 2422 1845 2462 materia
1876 2421 1918 2460 in

377 2490 568 2533 Rubrica
589 2491 644 2531 de
665 2505 790 2531 cruce
809 2496 852 2531 et
874 2491 1073 2544 passione
1097 2490 1256 2532 Christi
1271 2491 1452 2545 digesta.

165 2579 268 2618 Greg.
464 2562 554 2615 (93)
590 2560 660 2601 De
680 2559 1018 2613 cogitacionibus
1040 2559 1306 2614 voluptuosis
1329 2560 1582 2614 exemplum
1604 2559 1798 2601 notabile
1823 2560 1865 2599 in
1891 2571 1918 2610 4

165 2622 293 2706 ἓξὲξ).
379 2631 663 2684 Dialogorum
686 2628 893 2670 scribitur.

468 2703 555 2754 (94)
591 2699 752 2741 Contra
789 2700 1073 2752 cogitaciones
1109 2699 1357 2740 immundas
1389 2699 1503 2739 valet
1532 2698 1745 2739 confessio
1771 2710 1919 2750 quam-

167 2777 216 2809 Cf.
235 2777 330 2813 V.P.‚
378 2770 608 2825 plurimum
637 2786 646 2820 ;
693 2770 807 2810 unde
841 2769 1020 2822 quidam
1059 2774 1305 2809 sanctorum
1357 2775 1528 2822 patrum
1577 2767 1692 2809 dixit
1745 2768 1916 2808 cuidam

165 2820 667 2903 {gryffffaggimpungnato
699 2853 724 2879 a
754 2838 907 2892 spiritu
939 2838 1261 2880 fornicacionis:
1295 2839 1376 2879 Fili
1405 2852 1461 2879 ne
1488 2837 1729 2879 abscondas
1755 2837 1918 2890 cogita-

168 2909 334 2992 ἓξὲξ)
383 2912 528 2952 ciones
550 2917 660 2959 tuas,
684 2911 744 2950 ita
766 2909 882 2949 enim
906 2908 1108 2949 confusus
1138 2908 1373 2949 inmundus
1403 2908 1573 2962 spiritus
1603 2907 1785 2948 discedit
1811 2920 1835 2946 a
1865 2912 1922 2946 te.
