2052 3278
309 213 359 243 10
728 201 920 242 LIBER
953 200 1404 242 EXEMPLORUM

95 323 199 372 Greg.
391 319 480 370 (18)
515 317 645 359 Aliud
678 331 848 371 quoque
881 313 1098 370 Subiungit
1125 317 1374 371 exemplum
1407 329 1532 369 super
1559 315 1639 355 hac
1661 314 1843 355 materia

95 366 196 442 {ffb
215 366 274 403 IV,
303 388 599 429 venerabiliter
619 388 851 428 inmediate
872 386 1027 427 dicens,
1088 385 1178 427 Sed
1199 399 1338 439 neque
1359 386 1439 426 hoc
1456 385 1667 425 silendum
1686 384 1845 424 estimo

306 457 422 510 quod
444 464 586 497 actum
614 457 657 496 in
692 470 789 496 meo
822 455 1081 495 monasterio
1101 461 1201 496 ante
1220 455 1302 496 hoc
1325 455 1554 496 triennium
1578 452 1843 494 reminiscor.

305 527 495 580 Quidam
517 540 705 579 namque
727 524 970 574 monachus,
996 525 1136 565 Iustus
1157 526 1346 574 nomine,
1371 524 1584 565 medicina
1599 522 1738 563 fuerat
1754 527 1847 562 arte

302 595 501 645 imbutus,
519 595 589 648 qui
606 593 711 635 mihi
728 594 770 634 in
792 593 945 634 eodem
968 595 1231 634 monasterio
1246 594 1478 634 constituto
1496 591 1644 632 sedule
1661 589 1844 643 obsequi

302 670 430 717 atque
471 665 513 704 in
554 663 733 704 assiduis
774 662 1118 716 egrotacionibus
1157 662 1263 703 meis
1305 661 1519 703 excubare
1558 665 1845 701 consueverat.

306 734 390 773 Hic
413 733 557 785 itaque
576 732 781 786 languore
801 733 989 785 corporis
1020 738 1249 785 preventus
1279 732 1336 772 ad
1368 738 1613 771 extremum
1646 729 1849 769 reductus

302 808 376 843 est.
431 801 545 842 Huic
561 802 603 841 in
621 802 714 854 ipsa
730 814 806 841 sua
819 801 1019 842 molestia
1034 799 1164 842 frater
1178 814 1419 854 germanus,
1432 800 1607 840 nomine
1625 798 1847 851 Copiosus,

304 871 409 924 [fol.
435 870 532 923 26b]
553 869 776 919 serviebat,
798 870 955 923 quique
975 883 1088 910 nunc
1111 870 1154 910 in
1176 871 1256 910 hac
1277 868 1382 910 urbe
1414 883 1488 923 per
1508 869 1692 909 eandem
1715 866 1850 907 medi-

305 942 397 981 cine
427 946 564 981 artem
605 940 851 993 temporalis
887 940 974 980 vite
1005 941 1219 993 stipendia
1259 946 1454 981 sectatur.
1524 938 1601 980 Set
1633 937 1849 991 predictus

309 1010 448 1050 Iustus
468 1023 563 1050 cum
586 1023 631 1049 se
651 1010 736 1049 iam
765 1009 820 1049 ad
851 1015 1099 1050 extremum
1132 1010 1375 1062 pervenisse
1404 1008 1685 1061 cognovisset,
1705 1006 1846 1047 eidem

307 1079 506 1133 Copioso,
529 1078 647 1119 fratri
674 1092 750 1119 suo
782 1079 882 1132 quia
914 1078 1079 1119 ocultos
1100 1085 1199 1125 ,tres
1230 1091 1383 1119 aureos
1409 1077 1616 1119 haberet1
1649 1075 1848 1117 innotuit.

307 1149 434 1202 Quod
456 1150 658 1190 nimirum
682 1149 830 1190 fratres
845 1162 932 1189 non
954 1150 1093 1202 potuit
1113 1149 1249 1196 celari,
1273 1148 1348 1189 sed
1363 1147 1574 1189 subtiliter
1594 1147 1851 1200 indagantes

303 1225 431 1271 atque
445 1218 556 1258 illius
568 1217 716 1258 omnia
730 1217 1044 1258 medicamenta
1057 1223 1385 1270 perscrutantes,
1400 1217 1577 1257 eosdem
1595 1220 1683 1256 tres
1698 1227 1848 1255 aureos

303 1286 557 1327 invenerunt
578 1288 620 1327 in
642 1286 928 1327 medicamine
949 1286 1188 1327 absconsos,
1240 1284 1369 1338 Quod
1387 1299 1493 1326 mox
1509 1284 1592 1338 [ut]
1614 1283 1721 1325 mihi
1742 1296 1849 1324 nun-

305 1355 462 1397 ciatum
485 1362 560 1406 est,
580 1362 752 1396 tantum
775 1356 935 1396 malum
969 1355 1025 1395 de
1056 1354 1186 1395 fratre
1216 1355 1289 1408 qui
1318 1353 1541 1395 nobiscum
1563 1352 1852 1393 communiter

304 1426 471 1466 vixerat
484 1426 770 1479 equanimiter
792 1424 901 1465 ferre
922 1437 1007 1465 non
1033 1424 1159 1473 valui,
1180 1424 1339 1477 quippe
1365 1424 1466 1477 quia
1489 1424 1578 1463 eius
1603 1421 1852 1463 monasterii

306 1496 438 1535 nostri
470 1508 642 1548 semper
671 1494 816 1549 regula
850 1494 1000 1545 fuerat,
1034 1500 1081 1535 ut
1108 1495 1248 1534 cuncti
1285 1493 1438 1533 fratres
1469 1494 1530 1533 ita
1560 1491 1852 1533 communiter

304 1565 493 1604 viverent
513 1570 723 1618 quatenus
739 1565 799 1605 eis
819 1564 998 1617 singulis
1018 1563 1132 1604 nulla
1152 1562 1312 1603 habere
1332 1563 1503 1616 propria
1522 1561 1675 1602 liceret.
1727 1561 1852 1601 Tunc

304 1634 437 1674 nimio
454 1647 619 1674 merore
646 1647 866 1687 percussus
899 1633 1088 1686 cogitare
1109 1633 1204 1685 cepi
1225 1631 1293 1672 vel
1323 1632 1425 1685 quid
1458 1631 1512 1671 ad
1545 1631 1852 1685 purgacionem

306 1703 524 1743 morientis
545 1702 732 1744 facerem
754 1703 823 1743 vel
837 1703 938 1756 quid
956 1703 999 1742 in
1015 1701 1221 1755 exemplo
1243 1700 1482 1742 viventibus
1496 1700 1697 1742 fratribus
1713 1700 1854 1752 provi-

303 1771 464 1812 derem.
542 1771 739 1812 Precioso
779 1771 908 1826 igitur
938 1770 1132 1812 eiusdem
1167 1770 1412 1810 monasterii
1443 1770 1662 1823 preposito
1693 1768 1749 1809 ad
1782 1781 1854 1808 me

305 1840 443 1881 accito
463 1841 579 1883 dixi:
613 1841 774 1890 ‘Vade,
796 1847 839 1881 et
861 1841 1000 1881 nullus
1021 1854 1078 1881 ex
1101 1839 1300 1880 fratribus
1321 1854 1366 1880 se
1387 1839 1442 1879 ad
1465 1853 1564 1880 eum
1596 1838 1852 1878 morientem

307 1911 466 1964 iungat,
487 1923 566 1951 nec
587 1923 831 1951 sermonem
854 1910 1164 1950 consolacionis
1185 1923 1242 1949 ex
1255 1908 1478 1950 cuiuslibet
1499 1921 1647 1949 eorum
1669 1920 1743 1948 ore
1760 1920 1854 1960 per-

305 1979 461 2033 cipiat;
495 1980 569 2020 sed
591 1993 687 2020 curn
710 1980 753 2019 in
777 1985 917 2020 morte
938 1979 1194 2019 constitutus
1227 1977 1378 2018 fratres
1411 1977 1621 2031 quesierit,
1651 1977 1689 2017 ei
1722 1975 1855 2016 frater

307 2062 406 2089 suus
426 2047 607 2089 carnalis
630 2048 744 2089 dicat
765 2049 864 2102 quia
885 2062 961 2102 pro
982 2048 1130 2089 solidis
1159 2061 1266 2101 quos
1289 2047 1429 2087 oculte
1454 2046 1605 2087 habuit
1637 2059 1663 2085 a
1689 2044 1857 2086 cunctis

307 2117 505 2158 fratribus
527 2116 828 2159 abhominatus
849 2119 914 2167 sit,
935 2122 983 2158 ut
1000 2116 1151 2157 saltem
1184 2118 1226 2157 in
1257 2122 1395 2156 morte
1416 2116 1471 2156 de
1492 2116 1617 2168 culpa
1637 2128 1714 2156 sua
1736 2127 1856 2155 men-

308 2193 399 2227 tem
416 2187 525 2226 illius
548 2186 791 2227 amaritudo
812 2186 1138 2235 transverberet,
1160 2192 1290 2239 atque
1321 2200 1345 2226 a
1367 2191 1546 2238 peccato
1567 2184 1682 2238 quod
1705 2197 1858 2237 perpe—

309 2257 438 2296 travit
458 2262 622 2309 purget.
675 2256 785 2297 Cum
806 2269 909 2296 vero
930 2262 1123 2297 mortuus
1154 2255 1282 2295 fuerit
1314 2268 1470 2308 corpus
1502 2254 1612 2294 illius
1643 2266 1741 2294 cum
1773 2253 1854 2293 fra-

309 2331 422 2366 trum
436 2325 450 2348 2
470 2325 715 2379 corporibus
735 2339 822 2365 non
843 2330 1037 2379 ponatur,
1055 2331 1119 2365 set
1141 2323 1377 2378 quamlibet
1398 2323 1559 2364 fossam
1589 2323 1631 2363 in
1659 2322 1856 2376 sterquil-

310 2395 397 2435 inio
417 2394 546 2435 facite
567 2400 610 2435 et
631 2395 674 2435 in
696 2408 791 2435 eam
829 2408 979 2448 corpus
1009 2395 1098 2435 eius
1120 2393 1308 2448 proicite,
1330 2394 1473 2446 ibique
1495 2406 1620 2447 super
1640 2406 1739 2433 eum
1771 2398 1857 2433 tres

101 2466 176 2499 Act.
193 2464 260 2502 viii,
312 2476 461 2504 aureos
475 2476 583 2517 quos
600 2463 771 2517 reliquit
787 2463 955 2513 iactate,
973 2463 1097 2504 simul
1110 2477 1262 2504 omnes
1279 2462 1517 2503 clamantes
1534 2477 1543 2512 ;
1567 2461 1759 2503 Pecunia
1781 2467 1857 2500 tua

103 2518 156 2541 20‘
314 2540 445 2573 tecum
466 2533 526 2573 sit
545 2533 591 2573 ἐκ
603 2533 902 2585 perdicionem,
922 2539 966 2573 et
987 2533 1045 2573 sic
1058 2546 1156 2573 eum
1178 2538 1292 2573 terra
1315 2531 1555 2584 cooperite!
1633 2531 1682 2571 In
1704 2530 1857 2584 quibus

314 2602 503 2655 utrisque
536 2602 672 2653 rebus,
705 2616 835 2643 unam
872 2601 1084 2652 morienti,
1121 2601 1300 2643 alteram
1334 2615 1433 2641 vero
1468 2601 1583 2641 volui
1614 2599 1859 2641 viventibus

316 2672 529 2723 prodesse,
553 2677 600 2712 ut
619 2678 663 2712 et
682 2671 800 2712 illum
823 2671 1068 2712 amaritudo
1090 2670 1240 2712 mortis
1261 2684 1285 2710 a
1301 2671 1427 2723 culpa
1443 2669 1670 2711 solubilem
1687 2667 1858 2717 faceret,

317 2746 359 2780 et
389 2741 493 2780 istos
524 2741 705 2781 avaricie
735 2746 857 2781 tanta
887 2740 1147 2794 dampnacio
1176 2741 1343 2780 misceri
1372 2741 1414 2780 in
1447 2739 1573 2793 culpa
1604 2737 1859 2792 prohiberet.

748 2864 759 2883 1
773 2865 847 2896 MS.
866 2865 999 2896 habere.
1133 2863 1145 2883 2
1159 2864 1233 2896 MS.
1251 2863 1421 2895 fratribus.
