2052 3278
341 253 419 303 me
1003 245 1210 288 NOTEs

336 367 535 408 Durham
558 371 664 415 text,
685 366 718 405 it
741 379 845 418 may
866 364 920 405 be
939 364 1066 417 given
1087 364 1129 403 in
1151 362 1238 404 full.
1298 365 1318 384 “
1337 361 1538 413 Qualiter
1555 359 1735 413 quidam
1756 359 1879 400 miles
1926 408 1929 412 r

337 437 382 477 ἐκ
404 435 573 489 Anglz'a
603 434 811 475 liberatus
839 440 902 474 est
930 447 957 473 a
985 438 1119 474 morte
1149 432 1217 473 die
1234 439 1474 485 parasceue.
1536 428 1727 482 Quidam
1749 427 1877 468 frater

336 506 539 554 famosus,
567 505 640 558 qui
671 504 851 544 sciencia
880 502 1024 543 floruit
1054 507 1097 542 et
1127 502 1227 551 vita,
1248 501 1391 543 retulit
1422 500 1520 540 huic
1547 498 1711 539 simile:
1747 497 1877 537 Miles

336 575 511 629 quidam
536 575 578 614 in
601 573 765 626 Anglia
793 574 835 612 in
864 571 1058 626 partibus
1084 571 1323 624 Wyntonie
1342 576 1541 622 tempore
1572 568 1683 621 regis
1704 566 1878 607 Ricardi

333 644 503 685 cuidam
543 643 668 684 militi
704 641 986 683 insidiabatur
1026 642 1218 690 latenter,
1253 641 1354 694 quia
1389 645 1557 692 patrem
1594 650 1717 678 suum
1750 638 1878 677 inter-

335 714 503 755 fecerat.
566 712 762 765 Contigit
792 718 938 752 autem
971 711 1159 764 quadam
1191 711 1262 751 die
1292 722 1546 763 parasceues
1576 712 1624 747 ut
1655 706 1779 747 miles
1806 706 1877 747 ille

336 782 652 824 interfectorem
685 782 821 835 patris
851 781 914 822 sui
946 780 1154 822 inveniret
1181 780 1224 820 in
1255 780 1323 820 via
1355 780 1397 819 in
1430 779 1524 819 loco
1555 777 1609 817 ad
1640 776 1876 817 vindictam

332 853 590 907 capiendam
622 857 851 905 oportuno.
912 849 1107 903 Cumque
1144 854 1329 890 mortem
1370 848 1449 890 sibi
1483 846 1691 887 effrenato
1727 846 1877 887 animo

333 924 576 971 intentaret,
599 921 705 961 alius
727 919 970 960 humiliavit
990 932 1034 959 se
1061 919 1132 968 illi,
1157 932 1316 972 rogans
1343 918 1545 972 quatinus
1567 921 1745 970 propter
1766 928 1878 965 eum,

335 992 406 1047 qui
428 992 504 1032 tali
534 990 605 1031 die
626 991 667 1031 in
696 1003 819 1030 cruce
845 995 1038 1030 mortuus
1068 995 1144 1038 est,
1165 988 1245 1029 sibi
1274 988 1497 1028 miseretur
1528 985 1614 1036 (sic)
1642 991 1685 1026 et
1705 998 1878 1038 parcere

335 1062 594 1115 dignaretur.
655 1059 743 1113 Qui
774 1059 951 1100 audiens
983 1058 1300 1099 adiuracionem
1334 1058 1485 1097 mortis
1518 1055 1691 1103 Christi,
1719 1056 1878 1096 miseri-

334 1132 482 1172 cordia
506 1136 659 1180 motus,
681 1135 867 1170 mortem
897 1129 1031 1182 patris
1051 1128 1213 1168 remisit
1241 1127 1279 1167 ei
1305 1133 1348 1167 et
1377 1125 1543 1167 dimisit
1568 1138 1668 1166 eum
1693 1125 1735 1165 in
1758 1138 1875 1178 pace.

337 1202 466 1242 Miles
486 1201 554 1241 hic
576 1201 619 1241 in
646 1199 837 1254 quadam
860 1198 1019 1239 foresta
1040 1204 1191 1239 contra
1220 1198 1331 1250 regis
1354 1197 1627 1238 interdictum
1651 1196 1877 1237 venacioni

334 1284 509 1324 operam
531 1269 676 1311 dabat.
738 1269 824 1322 Qui
850 1267 911 1322 [a]
940 1267 1172 1308 forestariis
1193 1272 1237 1307 et
1264 1267 1357 1307 aliis
1386 1273 1605 1307 accusatus
1626 1272 1668 1307 et
1698 1267 1876 1307 tandem

334 1354 410 1394 per
440 1340 598 1380 iudices
628 1339 849 1379 convictus
879 1344 942 1378 est
975 1342 1019 1378 et
1046 1343 1140 1377 tota
1167 1341 1279 1377 terra
1303 1349 1377 1377 sua
1401 1336 1611 1390 privatus.
1676 1335 1875 1377 Tandem

334 1409 455 1463 [MS.
473 1408 656 1462 tamem]
673 1408 728 1449 ad
746 1421 906 1460 regem,
923 1408 994 1460 qui
1017 1408 1058 1446 in
1080 1406 1275 1460 partibus
1295 1407 1594 1447 transmarinis
1616 1405 1876 1455 morabatur,

329 1479 389 1520 ire
419 1479 580 1519 censuit
612 1492 689 1531 pro
719 1478 856 1530 gratia
888 1475 1188 1530 promerenda,
1218 1474 1411 1516 humano
1443 1475 1617 1529 quidem
1649 1475 1878 1516 destitutus

333 1549 493 1590 auxilio
523 1547 702 1588 forsitan
732 1553 779 1588 ut
811 1546 1002 1587 divinum
1033 1545 1288 1587 beneficium
1319 1544 1551 1598 graciosius
1579 1551 1807 1598 appareret
1834 1546 1876 1585 in

335 1623 553 1671 posterum
579 1616 901 1657 conferendum.
962 1614 1153 1655 Veniens
1180 1615 1380 1667 equidem
1403 1613 1521 1667 [MS.
1545 1628 1570 1654 a
1592 1613 1784 1667 quidem]
1806 1614 1878 1655 ubi

334 1701 411 1727 rex
447 1693 550 1727 tunc
583 1686 843 1735 morabatur,
881 1699 978 1725 cum
1010 1684 1080 1724 die
1110 1683 1300 1737 quadam
1331 1684 1529 1723 intrasset
1560 1682 1772 1736 capellam
1807 1683 1878 1724 ubi

334 1770 412 1797 rex
449 1755 622 1796 missam
665 1769 786 1796 suam
829 1754 1042 1803 audiebat,
1083 1759 1126 1793 et
1160 1766 1299 1806 genua
1344 1752 1536 1793 flecteret
1580 1754 1796 1806 posterius
1835 1754 1878 1793 in

332 1825 498 1880 capella
534 1838 680 1866 coram
713 1826 917 1878 ymagine
948 1821 1151 1873 crucifixi,
1183 1828 1361 1863 ventum
1396 1829 1462 1863 est
1499 1822 1552 1863 ad
1588 1822 1745 1876 Agnus
1782 1823 1877 1864 Dei.

335 1895 588 1949 Respiciens
624 1908 725 1935 vero
762 1908 841 1934 rex
872 1899 970 1947 post
1003 1898 1174 1946 tergum
1207 1899 1254 1932 ut
1286 1905 1435 1946 pacem
1472 1892 1597 1932 alicui
1627 1893 1877 1946 porrigeret,

335 1965 440 2006 vidit
475 1964 656 2005 militem
687 1964 807 2005 illum
839 1977 983 2004 coram
1021 1963 1230 2016 ymagine
1256 1961 1448 2003 crucifixi
1481 1962 1637 2002 devote
1666 1968 1876 2013 orantem,

334 2035 524 2088 viditque
546 2034 799 2088 ymaginem
830 2033 973 2074 eidem
998 2032 1124 2073 militi
1152 2046 1197 2073 se
1229 2031 1512 2072 amicabiliter
1537 2032 1878 2073 reinclinantem.

336 2104 422 2158 Qui
453 2105 545 2145 viso
577 2104 799 2144 admirans
832 2102 1066 2156 obstupuit,
1090 2108 1236 2143 tamen
1268 2115 1402 2155 usque
1430 2107 1528 2155 post
1558 2102 1732 2142 missam
1760 2102 1880 2142 dissi-

335 2174 523 2215 mulavit.
586 2172 812 2214 Celebrata
841 2186 942 2212 vero
968 2172 1099 2212 missa
1129 2170 1380 2225 egrediente
1408 2184 1519 2223 rege,
1541 2171 1729 2224 procidit
1759 2171 1883 2211 miles

336 2243 408 2284 ille
430 2243 483 2284 ad
516 2243 648 2297 pedes
671 2243 773 2292 eius,
798 2241 1139 2282 misericordiam
1170 2246 1331 2294 petens
1394 2240 1601 2293 Querenti
1625 2245 1769 2281 autem
1791 2242 1879 2294 regi

335 2313 428 2366 quis
449 2318 564 2352 esset
586 2318 630 2352 et
651 2325 825 2352 causam
850 2324 972 2351 suam
996 2310 1277 2359 examinanti,
1294 2310 1395 2363 quid
1419 2311 1584 2363 egisset,
1600 2309 1814 2363 exposuit,
1839 2316 1883 2350 et

335 2395 418 2435 qua
442 2383 496 2422 de
525 2395 655 2422 causa
676 2381 822 2422 fuisset
855 2387 968 2421 terra
990 2394 1066 2420 sua
1088 2380 1308 2433 spoliatus,
1332 2378 1531 2433 Cumque
1557 2393 1635 2420 rex
1655 2380 1882 2433 diligenter

335 2453 566 2505 inquireret
590 2451 691 2505 quid
715 2465 792 2504 pro
826 2463 974 2491 amore
1006 2448 1212 2491 Crucifixi
1246 2449 1429 2500 fecisset,
1451 2456 1495 2490 et
1521 2450 1591 2489 ille
1617 2462 1662 2489 se
1683 2450 1882 2503 ignorare

336 2518 551 2567 fateretur,
573 2518 799 2571 requisitus
831 2517 1076 2565 instancius,
1108 2516 1287 2556 tandem
1323 2515 1484 2556 factum
1515 2521 1794 2569 prenotatum
1828 2516 1882 2556 ad

337 2588 594 2627 memoriam
635 2599 853 2635 revocans,
889 2585 1110 2625 confessus
1143 2589 1207 2625 est
1241 2586 1298 2625 rei
1336 2585 1565 2625 veritatem
1609 2591 1652 2625 et
1686 2585 1882 2625 ordinem

336 2657 557 2710 quomodo
592 2670 671 2710 pro
703 2670 853 2696 amore
895 2653 1098 2696 Crucifixi
1132 2653 1394 2695 interfectori
1436 2654 1570 2708 patris
1611 2655 1880 2708 pepercisset,

340 2726 424 2766 ‘Et
445 2726 549 2779 ego,'
573 2725 721 2779 inquid
753 2739 845 2775 rex,
887 2728 990 2778 ‘pro
1022 2737 1171 2764 amore
1202 2725 1396 2765 eiusdem
1427 2724 1503 2764 tibi
1533 2725 1713 2765 restituo
1747 2730 1883 2765 terras

339 2802 432 2836 tuas
446 2793 489 2837 '.'’

429 2868 542 2915 (212)
579 2865 686 2905 This
707 2865 741 2905 is
765 2864 839 2904 the
855 2870 976 2917 story
992 2862 1041 2903 of
1053 2863 1169 2915 John
1189 2861 1408 2913 Gualbert,
1429 2863 1611 2904 founder
1627 2862 1678 2903 of
1688 2862 1882 2904 Vallom-

337 2935 465 2976 brosa
486 2935 528 2974 in
549 2934 753 2987 Tuscany
779 2933 820 2987 (ἦ-
847 2937 969 2985 1073)
989 2947 996 2983 ;
1036 2946 1106 2973 see
1148 2934 1246 2975 Vita
1271 2931 1317 2975 S.
1331 2932 1399 2987 so.
1435 2932 1667 2981 Gualbertz',
1697 2945 1741 2982 c.,
1765 2943 1804 2982 2,
1830 2944 1879 2985 3;
