2052 3278
651 231 736 271 DE
770 230 1216 273 CONFESSIONE
1646 242 1665 285 5
1675 243 1693 285 5

165 345 342 398 recipias
371 359 519 386 omnes
550 345 766 399 religiosos
797 347 840 386 in
870 348 1048 387 domum
1079 354 1196 388 tuam
1227 354 1270 388 et
1300 361 1373 388 eos
1404 346 1531 388 facias
1559 353 1701 389 tecum

165 413 374 456 fornicari.
436 415 485 455 In
523 414 698 455 ecclesia
732 422 827 456 esto
862 417 1039 469 garrula,
1076 416 1314 470 impediens
1349 422 1522 457 orantes
1558 415 1601 456 in
1637 430 1701 459 ea.

167 483 380 536 Pauperes
408 483 583 537 recipias
614 483 805 536 hospicio
835 485 890 525 de
920 486 990 525 die
1019 493 1061 526 et
1090 486 1132 525 in
1163 491 1290 526 nocte
1318 499 1391 526 eos
1418 485 1535 526 foras
1565 486 1706 535 eicias‚

165 551 295 593 nichil
345 554 405 594 eis
453 552 690 606 erogando?
752 553 848 606 Que
897 554 1150 595 mandatum
1202 555 1377 608 dyaboli
1426 555 1705 608 exsequendo

165 621 341 662 tandem
375 622 620 664 infirmitate
652 635 802 675 correp
816 626 829 673 [
833 624 915 675 fol.
952 623 1045 674 56b]
1060 631 1104 664 ta
1135 625 1189 665 ad
1223 625 1574 678 desperacionem
1611 638 1705 678 per-

167 691 295 732 venit.
364 690 494 743 Quod
535 691 685 731 videns
724 690 833 731 filius
872 705 972 732 suus
1013 692 1199 740 clericus,
1239 706 1367 746 quem
1409 693 1610 743 habebat,
1653 693 1707 733 de

167 758 304 799 salute
324 774 400 800 sua
420 772 514 800 eam
539 760 703 800 monuit
723 759 958 814 diligenter,
980 774 1162 813 querens
1182 762 1312 802 etiam
1335 763 1447 803 unde
1477 763 1531 803 ad
1563 768 1706 803 tantas

166 828 343 869 divicias
364 829 629 883 pervenisset.
685 829 783 882 Que
804 829 884 870 sibi
904 831 1049 870 omnia
1065 843 1139 883 per
1153 831 1347 871 ordinem
1364 832 1559 874 narravit.
1619 831 1705 884 Qui

168 897 280 938 dixit
295 900 357 939 ei:
391 903 399 918 ‘
415 898 595 941 Confide
610 899 664 940 de
681 899 974 940 misericordia
992 899 1171 939 Domini
1188 905 1230 939 et
1246 900 1502 941 abrenuncia
1519 900 1707 954 dyabolo

166 968 210 1006 in
246 969 365 1009 cuius
400 970 576 1010 servicio
612 969 684 1010 diu
719 970 878 1019 vixisti,
913 975 956 1009 et
991 982 1097 1010 voca
1129 969 1396 1010 sacerdotem
1429 975 1473 1009 et
1505 969 1707 1010 confitere

164 1043 343 1089 peccata
359 1037 465 1078 tua·’.
519 1037 616 1090 Que
633 1038 746 1078 dixit
767 1037 804 1077 ei
822 1053 829 1079 :
855 1036 1006 1078 ‘Vade
1025 1037 1216 1078 celeriter
1233 1043 1276 1078 et
1292 1051 1421 1090 quere
1436 1038 1706 1078 sacerdotem

166 1111 213 1146 ut
233 1105 415 1147 revelem
436 1108 474 1147 ei
497 1112 671 1160 peccata
691 1109 840 1148 omnia
861 1121 958 1148 mea
981 1120 1065 1160 que
1084 1107 1128 1147 in
1148 1108 1239 1147 vita
1266 1120 1362 1147 mea
1389 1112 1538 1147 contra
1558 1108 1708 1147 volun-

166 1180 300 1215 tatem
323 1175 407 1216 Dei
430 1178 672 1229 perpetravi
687 1175 708 1220 '.
750 1175 872 1231 ⁷Quo
891 1178 946 1217 ad
973 1177 1216 1218 ducendum
1240 1177 1504 1217 sacerdotem
1534 1190 1709 1230 proper—

167 1250 277 1294 ante,
313 1257 410 1285 ecce
445 1245 648 1286 demones
680 1260 776 1287 cum
812 1260 973 1300 magno
1005 1253 1163 1287 terrore
1195 1252 1238 1286 et
1271 1247 1451 1299 strepitu
1482 1252 1707 1287 venerunt.

170 1312 367 1365 Quorum
389 1315 553 1367 impetu
574 1321 617 1355 et
637 1314 812 1355 horrore
831 1321 953 1356 tanto
979 1321 1139 1355 terrore
1160 1328 1361 1368 percussa
1383 1320 1448 1355 est
1469 1314 1587 1367 quod
1608 1321 1711 1355 ante

167 1382 401 1423 sacerdotis
432 1384 669 1424 adventum
702 1391 872 1424 mortua
902 1391 977 1425 est.
1040 1384 1171 1437 Quod
1203 1383 1353 1424 videns
1390 1383 1499 1424 filius
1535 1383 1711 1424 confite-

169 1451 295 1491 batur
317 1466 394 1504 pro
413 1465 463 1492 ea
483 1459 526 1492 et
545 1453 709 1506 accepit
731 1454 786 1493 vii
808 1466 943 1494 annos
963 1455 1006 1493 in
1030 1454 1284 1506 penitencia.
1331 1452 1502 1504 Quibus
1523 1452 1710 1506 expletis

169 1517 367 1571 apparuit
398 1519 436 1558 ei
471 1525 610 1559 mater
642 1533 717 1559 sua
750 1520 917 1560 dicens:
957 1519 1153 1560 ‘Gratias
1188 1519 1265 1559 tibi
1295 1532 1389 1572 ago,
1419 1518 1477 1559 fili
1509 1520 1581 1568 mi,
1612 1519 1711 1572 quia

170 1588 412 1640 penitencia
433 1593 507 1628 tua
528 1601 597 1628 me
619 1587 852 1630 liberavit’.

260 1658 347 1709 (99)
384 1656 531 1698 Unum
572 1657 821 1712 exemplum
863 1670 989 1711 super
1029 1658 1110 1698 hac
1151 1658 1332 1698 materia
1372 1656 1563 1697 narravit
1605 1656 1710 1696 mihi

170 1725 346 1777 quidam
369 1724 496 1765 frater
516 1726 571 1766 de
592 1725 710 1766 cuius
732 1727 915 1766 veritate
937 1739 1024 1765 non
1046 1725 1208 1766 dubito.
1271 1724 1539 1778 Exemplum
1562 1731 1708 1765 autem

169 1793 248 1834 hec
268 1800 346 1834 est.
410 1794 526 1834 Inter
549 1795 762 1847 Dowisky
784 1801 828 1835 et
850 1794 942 1835 Ros
964 1795 1188 1836 habitabat
1205 1796 1382 1848 quidam
1400 1794 1709 1847 paterfamilias

170 1869 465 1915 cognomento
487 1863 738 1913 Palmarius,
761 1863 861 1917 quia
885 1864 1137 1917 peregrinus
1156 1863 1295 1903 fuerat
1311 1864 1353 1903 in
1370 1862 1507 1903 Terra
1524 1862 1709 1908 Sancta;

170 1945 330 1972 nomen
371 1939 517 1973 autem
562 1933 651 1973 eius
696 1933 801 1973 mihi
847 1933 979 1973 modo
1019 1946 1107 1972 non
1154 1933 1348 1972 occurrit.
1434 1932 1519 1972 Hic
1565 1939 1711 1972 autem

170 2001 445 2051 domesticus,
468 2002 658 2054 quadam
681 2001 784 2051 vice,
807 2003 913 2042 emit
936 2002 1157 2054 quoddam
1180 2000 1342 2041 dolium
1370 2001 1457 2041 vini
1487 2002 1541 2041 ad
1572 2000 1713 2041 taber-

172 2071 377 2120 nandum‚
399 2077 443 2111 et
465 2071 693 2111 videbatur
713 2072 839 2111 uxori
862 2085 939 2111 sue
960 2072 1077 2124 quod
1096 2071 1244 2111 vinum
1262 2077 1428 2110 emerat
1445 2070 1572 2110 nimis
1589 2083 1685 2110 care
1703 2084 1711 2120 ;

171 2138 382 2191 siquidem
405 2139 522 2179 nulla
552 2147 643 2180 erat
675 2146 776 2180 tunc
805 2140 975 2180 caristia
994 2140 1093 2180 vini.
1158 2139 1291 2181 Unde
1312 2153 1368 2179 ex
1390 2138 1610 2192 emptione
1642 2139 1712 2178 illa

171 2208 411 2260 dampnum
439 2208 621 2249 timebat
650 2210 869 2250 incurrere.
932 2208 1128 2262 Cumque
1159 2209 1344 2248 sollicita
1377 2221 1505 2261 super
1536 2206 1629 2256 hoc,
1663 2214 1712 2247 ut

175 2277 303 2316 moris
324 2283 400 2326 est,
426 2277 688 2330 aliquociens
717 2292 813 2318 cum
841 2278 934 2318 aliis
967 2277 1214 2318 mulieribus
1242 2277 1502 2330 loqueretur,
1531 2276 1645 2316 dixit
1674 2276 1712 2315 ei

173 2346 264 2385 vice
297 2346 488 2398 quadam
530 2347 681 2387 mulier
714 2360 822 2387 una:
855 2346 996 2399 ‘Quid
1034 2346 1156 2387 dabis
1192 2346 1309 2395 mihi,
1344 2352 1387 2385 et
1424 2358 1507 2398 ego
1542 2351 1710 2384 tantum

173 2414 330 2454 faciam
372 2415 486 2468 quod
526 2421 572 2455 tu
612 2417 772 2457 vendes
812 2417 957 2457 vinum
1001 2422 1125 2456 tuum
1167 2417 1276 2456 sicut
1316 2414 1554 2455 volueris?'
1634 2412 1713 2453 Illa

173 2483 336 2533 statim,
379 2484 586 2525 aviditate
627 2485 825 2534 feminea,
868 2486 1034 2539 pepigit
1074 2498 1172 2525 cum
1213 2499 1276 2524 ea.
1361 2483 1488 2523 Dixit
1528 2495 1631 2535 ergo
1673 2483 1712 2522 ei

175 2552 390 2592 malefica:
424 2552 514 2593 ‘Tu
536 2554 669 2594 modo
688 2554 1029 2595 communicabis
1053 2555 1096 2594 in
1121 2553 1296 2601 Natali;
1331 2552 1516 2592 retineas
1543 2556 1711 2604 partem

175 2620 408 2661 eukaristie
430 2622 472 2661 in
494 2635 568 2662 ore
589 2628 670 2672 tue,
701 2629 745 2663 et
774 2636 871 2663 cum
904 2622 1004 2676 [fol.
1034 2621 1133 2675 57a]
1163 2622 1343 2662 domum
1375 2619 1553 2668 veneris,
1587 2619 1715 2659 mitte

174 2689 291 2730 illam
314 2691 356 2729 in
379 2690 543 2731 dolium
564 2691 665 2741 vini,
684 2696 728 2731 et
748 2692 891 2731 veniet
912 2692 1021 2731 sicut
1042 2691 1258 2731 desiderat
1280 2690 1426 2729 anima
1448 2695 1522 2728 tua
1538 2688 1559 2728 ’.
1607 2688 1714 2728 Erat

176 2765 322 2799 autem
343 2759 491 2799 vinum
514 2766 710 2812 emptum
732 2766 834 2800 ante
857 2759 1032 2810 Natale‚
1052 2766 1095 2800 et
1112 2758 1182 2799 illa
1199 2759 1439 2799 domestica
1454 2757 1713 2797 ieiunaverat

176 2828 412 2868 adventum
438 2828 629 2877 Domini,
659 2834 701 2868 et
730 2829 772 2868 in
801 2828 950 2868 Natali
982 2827 1178 2881 sequenti
1209 2834 1301 2867 erat
1333 2825 1712 2876 communicatura,

176 2897 284 2937 sicut
306 2903 349 2937 et
371 2896 530 2937 factum
553 2904 632 2939 est.
697 2897 1048 2938 Communicavit
1069 2910 1182 2949 ergo,
1205 2902 1258 2946 et,
1281 2896 1334 2936 ad
1364 2895 1604 2936 doctrinam
1625 2895 1711 2935 iam
