2052 3278
349 214 425 253 142
1010 201 1219 243 NOTES

342 319 537 359 minister
574 317 624 358 of
658 316 732 358 the
774 318 916 358 Friars
958 318 1104 358 Minor
1137 318 1178 357 in
1218 318 1397 358 Ireland.
1479 317 1586 358 This
1629 317 1722 360 MS.
1764 319 1883 371 gives

341 386 521 428 another
552 387 786 440 exemplum
823 387 1013 427 Daedatz'
1045 386 1183 427 which
1217 387 1235 427 I
1268 388 1365 441 give
1396 388 1439 428 in
1473 386 1559 436 full,
1598 400 1645 428 as
1679 388 1711 427 it
1741 387 1776 428 is
1807 387 1882 428 the

340 457 447 509 only
462 456 676 496 reference
699 456 717 496 Ι
741 456 851 496 have
866 461 939 508 yet
956 455 1087 496 found
1104 462 1150 496 to
1165 456 1239 496 the
1259 458 1376 497 work
1400 456 1570 497 outside
1587 455 1659 496 the
1683 457 1881 497 Durham

345 525 438 566 MS.
456 541 463 565 z
497 529 518 546 “
538 525 736 576 Qualiter
755 526 937 578 quedam
949 526 1165 578 peccatrix
1183 526 1364 567 liberata
1384 532 1447 566 est
1456 532 1541 578 per
1559 539 1707 566 veram
1728 526 1883 566 contri-

339 595 505 636 cionem.
569 594 763 647 Quidam
785 594 916 635 frater
946 595 1001 636 de
1031 595 1180 636 ordine
1201 595 1378 636 fratrum
1402 595 1632 644 minorum,
1656 595 1881 636 Deodatus

340 664 526 712 nomine,
542 663 762 717 quondam
784 665 978 705 minister
996 664 1235 718 Hybernie‚
1255 665 1464 705 referebat
1485 665 1600 717 quod
1623 664 1666 704 in
1689 664 1882 718 partibus

342 733 636 774 transmarinis
676 732 757 774 fuit
806 734 960 775 mulier
1000 734 1186 787 quedam
1229 734 1449 787 peccatrix
1490 739 1534 774 et
1578 732 1758 784 famosa,
1800 747 1884 787 que

339 816 493 856 corpus
529 816 654 843 suum
685 802 769 843 vile
802 802 914 856 [MS.
952 804 1085 857 viam]
1126 803 1266 857 posuit
1302 804 1420 844 omni
1457 803 1705 844 transeunti.
1784 802 1882 843 Hec

340 887 438 914 cum
457 871 571 926 [MS.
595 872 672 927 ho]
692 873 783 913 vice
805 873 992 926 quadam
1015 873 1179 914 audivit
1201 873 1470 913 sacerdotem
1492 878 1535 913 et
1557 872 1671 913 unde
1690 872 1884 913 confessa

342 950 408 983 est
439 942 585 983 omnia
607 948 784 995 peccata
811 956 888 983 sua
915 942 1019 995 (sic).
1083 942 1212 983 Dixit
1242 949 1389 983 tamen
1416 941 1627 983 sacerdoti
1648 943 1883 994 desperans

341 1025 387 1052 se
407 1024 492 1051 non
520 1024 644 1064 posse
668 1011 936 1064 aliquatenus
963 1025 1138 1052 suorum
1163 1012 1332 1052 veniam
1363 1011 1563 1064 consequi
1592 1017 1882 1064 peccatorum.

342 1080 554 1122 Sacerdos
574 1094 677 1121 vero
698 1081 925 1134 diligenter
947 1081 1135 1123 instabat
1157 1088 1204 1122 ut
1226 1095 1370 1121 secure
1391 1079 1626 1121 confideret
1646 1081 1700 1120 de
1722 1080 1884 1121 miseri-

339 1151 486 1192 cordia
508 1150 666 1192 Christi
696 1157 739 1192 et
771 1151 1011 1203 penitencie
1039 1152 1182 1203 iugum
1212 1164 1301 1191 non
1327 1157 1550 1191 recusaret.
1617 1149 1694 1190 Illa
1719 1163 1818 1190 vero
1840 1151 1883 1190 in

341 1221 645 1274 desperacione
669 1220 948 1261 immobiliter
975 1232 1253 1273 perseverans
1281 1220 1373 1260 sine
1400 1233 1477 1273 spe
1502 1219 1625 1260 venie
1648 1226 1693 1260 et
1714 1219 1883 1260 absolu-

340 1291 464 1331 cione
486 1289 669 1329 recessit.
733 1287 1053 1329 Nichilominus
1078 1296 1223 1329 tamen
1243 1290 1435 1342 respexit
1462 1302 1558 1328 eam
1589 1288 1631 1328 in
1661 1294 1882 1341 posterum

337 1359 484 1400 oculus
507 1358 797 1398 miseracionis
825 1358 977 1398 divine.
1041 1357 1158 1397 Nam
1190 1362 1339 1410 postea
1363 1357 1552 1410 quadam
1582 1358 1651 1397 die
1679 1358 1882 1398 sacerdos

340 1427 456 1468 idem
500 1427 555 1468 ad
587 1427 802 1481 quendam
840 1427 1057 1467 infirmum
1094 1440 1261 1467 sacrum
1299 1426 1494 1467 deferens
1534 1427 1750 1477 viaticum,
1785 1441 1882 1467 cum

339 1498 541 1538 transiret
590 1510 665 1550 per
705 1497 847 1537 vicum
889 1497 931 1537 in
974 1511 1061 1550 quo
1105 1496 1255 1537 mulier
1296 1495 1368 1536 illa
1409 1496 1668 1546 morabatur,
1708 1496 1885 1538 audiens

340 1568 562 1621 peccatrix
595 1566 675 1607 hec
708 1566 825 1607 illam
867 1579 1043 1620 parvam
1088 1565 1394 1620 campanulam
1431 1579 1524 1619 que,
1559 1572 1607 1606 ut
1645 1568 1775 1607 moris
1807 1573 1884 1617 est,

338 1650 491 1690 corpus
514 1636 694 1677 Domini
716 1636 984 1689 precedebat,
1005 1638 1125 1690 quasi
1153 1642 1279 1677 extra
1300 1649 1344 1677 se
1370 1635 1535 1686 effecta,
1556 1637 1743 1677 surrexit
1771 1635 1883 1677 illico

336 1715 380 1748 et
397 1707 550 1760 rapido
566 1720 688 1746 cursu
706 1705 968 1760 properabat
983 1707 1037 1746 ad
1060 1706 1338 1747 sacerdotem.
1402 1705 1601 1759 Cumque
1618 1706 1883 1758 pervenisset

338 1778 392 1817 ad
416 1777 555 1817 locum
585 1774 655 1816 ubi
684 1776 882 1816 sacerdos
909 1789 1008 1815 cum
1041 1789 1222 1829 corpore
1254 1775 1415 1816 Christi
1446 1774 1676 1825 residebat,
1699 1780 1884 1828 proster-

337 1858 445 1886 nens
467 1859 512 1886 se
534 1846 576 1885 in
609 1845 788 1886 modum
820 1846 956 1885 crucis
986 1857 1130 1884 coram
1160 1858 1339 1897 corpore
1372 1843 1541 1894 Christi,
1564 1857 1662 1886 cum
1692 1844 1883 1886 clamore

339 1928 498 1968 magno
528 1914 667 1955 oravit
702 1915 745 1955 in
780 1914 894 1954 hunc
926 1914 1133 1956 modum:
1179 1914 1394 1955 ‘Domine
1427 1913 1535 1962 Iesu,
1567 1914 1640 1967 qui
1673 1914 1730 1956 ibi
1763 1928 1808 1955 es
1839 1915 1882 1955 in

338 1984 497 2038 pixide,
518 1985 626 2024 sicut
651 1982 831 2024 firmiter
851 1984 990 2033 credo,
1014 1983 1211 2024 miserere
1234 1984 1319 2024 mei
1347 1987 1390 2023 et
1420 1983 1636 2036 propicius
1658 1989 1752 2024 esto
1775 1983 1882 2024 mihi

337 2053 572 2107 peccatrici.
637 2049 760 2094 Etsi
791 2052 994 2106 dignatus
1019 2051 1148 2093 fueris
1177 2051 1283 2092 mihi
1311 2057 1492 2105 peccata
1521 2065 1617 2092 mea
1651 2054 1881 2102 remittere,

338 2122 404 2164 fac
427 2123 557 2164 michi
588 2122 688 2163 inde
719 2122 994 2163 securitatem
1020 2122 1152 2163 verbo
1184 2121 1280 2163 tuo.'
1342 2120 1486 2174 Quam
1507 2135 1604 2162 cum
1629 2123 1827 2163 sacerdos
1857 2137 1883 2164 a

336 2193 528 2233 clamore
557 2197 601 2232 et
626 2191 782 2232 eiulatu
810 2205 1085 2244 compescere
1116 2197 1356 2241 conaretur,
1385 2191 1455 2232 illa
1482 2205 1568 2232 non
1601 2192 1882 2245 adquiescens

336 2261 468 2302 flebili
500 2274 602 2302 voce
637 2259 859 2314 replicavit
890 2260 992 2301 illud
1023 2260 1149 2301 idem.
1213 2261 1273 2302 Et
1309 2274 1409 2301 ecce
1441 2261 1637 2302 mirabile
1668 2275 1693 2302 a
1728 2262 1882 2304 seculis

337 2330 601 2371 inauditum!
664 2330 772 2370 Vox
808 2329 863 2370 de
894 2330 1044 2383 pixide
1085 2330 1251 2370 cunctis
1286 2344 1431 2370 coram
1469 2330 1712 2371 astantibus
1747 2330 1883 2372 fertur

335 2400 500 2440 mulieri
531 2399 618 2440 tale
648 2399 816 2440 dedisse
844 2412 1117 2453 responsum:
1162 2398 1363 2448 ‘Mulier‚'
1389 2400 1550 2453 inquid,
1582 2401 1882 2442 ‘remittuntur

334 2468 410 2509 tibi
432 2475 610 2522 peccata
631 2467 737 2509 tua'.
802 2468 933 2522 Quod
955 2468 1132 2508 audiens
1150 2468 1300 2509 mulier
1323 2476 1470 2510 mente
1491 2469 1648 2510 devota
1667 2469 1881 2511 Salvatori

337 2538 561 2591 respondit
583 2537 754 2578 dicens:
790 2537 873 2578 ‘Et
898 2550 995 2591 ego,
1018 2537 1218 2587 Domine,
1243 2537 1320 2577 tibi
1353 2539 1572 2591 promitto,
1594 2538 1712 2591 quod
1734 2539 1777 2579 in
1797 2537 1881 2580 hoc

336 2607 429 2647 loco
450 2608 634 2648 serviam
666 2607 745 2648 tibi
778 2606 980 2647 omnibus
1012 2605 1162 2646 diebus
1193 2606 1280 2647 vite
1313 2620 1419 2656 mee,
1442 2620 1522 2647 nec
1553 2607 1656 2649 hinc
1687 2620 1879 2661 unquam

338 2676 536 2716 recedam
552 2676 569 2716 ’.
633 2675 764 2729 Quod
796 2675 973 2716 firmiter
999 2675 1252 2725 observavit,
1275 2677 1463 2716 serviens
1496 2676 1688 2717 Domino
1718 2675 1880 2718 ibidem

337 2744 535 2785 omnibus
557 2744 706 2785 diebus
731 2746 817 2785 vite
839 2757 922 2784 sue.
985 2744 1119 2784 Facta
1140 2750 1204 2785 est
1235 2749 1380 2786 autem
1411 2745 1598 2798 quedam
1620 2745 1880 2786 domuncula

338 2827 472 2868 parva
495 2828 620 2867 super
648 2828 758 2864 eam,
782 2828 837 2854 ne
860 2813 1057 2867 procellis
1083 2820 1158 2854 aut
1190 2815 1398 2867 temporis
1430 2816 1756 2868 importunitate
1777 2828 1880 2855 con-

335 2882 585 2924 tabesceret.
649 2883 753 2924 Post
782 2883 901 2924 cuius
931 2881 1099 2923 felicem
1132 2884 1359 2923 transitum
1393 2884 1658 2936 procedente
1682 2890 1879 2937 tempore
