2052 3278
101 477 198 514 V.P.‚
214 478 275 514 VI,

103 520 215 552 Verba

103 564 194 602 sem,
212 565 258 602 iii,

106 616 145 647 17
164 607 208 648 (p-

102 652 189 692 657)-

102 1939 203 1981 Greg.

103 1984 207 2021 Dial.‚
227 1984 252 2021 Ι,

319 236 369 287 58
741 235 933 276 LIBER
966 235 1420 277 EXEMPLORUM

925 384 1010 437 [De
1026 384 1249 438 coniugia]

405 477 521 525 (101)
558 476 723 518 Orante
742 475 975 528 aliquando
996 475 1110 516 bono
1134 477 1358 517 Machario
1379 477 1546 525 abbate,
1568 490 1656 517 vox
1678 477 1732 517 ad
1754 490 1853 519 eum

314 545 534 597 personuit
551 545 660 584 sicut
677 543 873 585 scribitur
891 544 935 584 in
953 543 1080 585 Vitas
1098 546 1274 586 Patrum
1292 561 1299 586 :
1335 549 1343 566 ‘
1360 546 1564 595 Machari‚
1581 545 1776 586 nondum
1797 546 1854 586 ad

314 625 561 654 mensuram
585 614 723 654 meriti
743 614 924 654 duarum
951 615 1174 655 mulierum
1197 614 1299 668 [fol.
1326 615 1422 669 58b]
1443 615 1686 669 pervenisti,
1709 628 1792 668 que
1811 615 1855 655 in

315 682 514 735 proxima
554 682 755 723 habitant
794 683 967 723 civitate
981 684 1001 724 ’.
1079 682 1179 736 Quo
1224 685 1373 724 audito
1412 684 1594 724 surrexit
1634 697 1772 724 senex
1811 689 1854 724 et

312 751 419 791 abiit
439 751 493 791 ad
515 765 601 800 eas,
625 756 669 791 et
691 752 804 792 dixit
819 751 878 792 eis
899 766 997 793 cum
1017 766 1090 793 eas
1107 753 1339 793 invenisset
1357 768 1363 793 :
1388 759 1396 775 ‘
1415 754 1560 794 Dicite
1582 752 1689 793 mihi
1705 765 1854 806 opera-

315 822 480 861 cionem
505 826 696 861 vestram
730 821 951 874 quomodo
978 820 1095 862 est?'
1169 821 1232 862 At
1259 821 1329 862 ille
1361 822 1565 862 dixerunt
1593 823 1655 863 ei:
1692 821 1856 863 ‘Crede

310 890 445 939 nobis,
471 896 602 943 pater,
629 890 727 943 quia
761 904 848 931 non
882 891 1069 944 presenti
1097 897 1224 931 nocte
1245 904 1271 930 a
1292 891 1543 931 maritorum
1577 890 1743 931 lectulis
1776 890 1855 931 fui-

311 973 405 1000 mus
426 966 630 1013 separate,
692 960 836 1014 Quam
859 974 962 1014 ergo
978 961 1283 1014 operacionem
1302 974 1531 1013 possumus
1547 975 1628 1001 nos
1643 960 1804 1001 habere
1817 960 1856 1002 ?'

311 1029 483 1069 Deinde
505 1043 606 1070 vero
626 1030 853 1083 rogacione
874 1031 987 1070 senis
1008 1030 1229 1083 compulse
1261 1030 1489 1071 dixerunt:
1525 1033 1532 1050 ‘
1553 1030 1645 1071 Nos
1677 1031 1857 1084 quidem

309 1099 543 1139 secundum
571 1100 762 1140 seculum
787 1100 911 1141 nobis
932 1106 1139 1140 extranee
1160 1113 1305 1140 sumus
1326 1114 1334 1151 ;
1367 1099 1526 1152 placuit
1557 1106 1705 1140 autem
1734 1100 1857 1141 nobis

310 1168 471 1209 nubere
502 1167 669 1209 duobus
703 1168 903 1210 fratribus
935 1169 1168 1210 secundum
1203 1182 1387 1209 carnem.
1456 1168 1715 1222 Quindecim
1756 1169 1857 1209 anni

310 1243 407 1277 sunt
428 1238 556 1278 hodie
577 1239 694 1291 quod
716 1252 795 1278 nos
817 1238 900 1278 due
921 1238 1168 1279 habitamus
1191 1239 1233 1278 in
1255 1237 1387 1278 domo
1409 1236 1501 1288 hac,
1524 1244 1568 1278 et
1587 1239 1803 1279 nescimus
1823 1239 1858 1278 si

309 1305 541 1359 aliquando
562 1307 823 1360 litigavimus
856 1308 912 1348 ad
947 1307 1131 1348 invicem
1168 1313 1241 1347 aut
1273 1312 1445 1360 turpem
1480 1320 1722 1348 sermonem
1745 1308 1858 1348 dixit

309 1389 395 1416 una
408 1376 463 1416 ad
477 1376 668 1419 alteram.
733 1376 1115 1430 Cogitavimusque
1128 1375 1292 1430 ingredi
1307 1378 1616 1417 monasterium
1631 1377 1857 1431 virginum,

310 1451 354 1485 et
375 1447 511 1498 rogati
533 1445 609 1485 viri
625 1445 757 1485 nostri
779 1459 865 1485 non
887 1445 1011 1486 nobis
1032 1450 1343 1486 consenserunt
1377 1445 1420 1485 in
1454 1445 1547 1486 hoc.
1612 1445 1710 1499 Quo
1746 1445 1860 1486 facto

311 1514 532 1568 posuimus
546 1514 559 1538 1
580 1519 893 1556 testamentum
916 1516 1026 1555 inter
1046 1529 1126 1555 nos
1142 1521 1186 1555 et
1205 1515 1360 1565 Deum,
1379 1521 1426 1555 ut
1444 1528 1578 1568 usque
1595 1515 1649 1555 ad
1672 1522 1858 1556 mortem

310 1591 503 1624 nostram
538 1583 592 1624 de
626 1597 700 1625 ore
730 1590 890 1634 nostro,
930 1597 1016 1624 non
1044 1583 1290 1637 egrediatur
1325 1597 1467 1624 sermo
1504 1583 1727 1625 secularis.’
1801 1585 1860 1626 Et

311 1654 422 1694 dixit
443 1667 603 1694 senex:
637 1657 645 1674 ‘
667 1654 718 1694 in
732 1655 912 1694 veritate
933 1654 1034 1707 quia
1055 1667 1142 1694 non
1165 1660 1231 1694 est
1250 1654 1373 1706 virgo
1394 1667 1474 1693 nec
1497 1653 1699 1694 maritata
1719 1667 1861 1708 neque

311 1735 519 1763 monacus
540 1736 682 1776 neque
702 1723 901 1763 secularis
922 1730 988 1763 set
1011 1723 1130 1763 Deus
1161 1723 1396 1763 secundum
1419 1722 1744 1776 uniuscuiusque
1765 1737 1863 1777 pro-

312 1793 500 1846 positum
517 1792 812 1833 subministrat
832 1792 1025 1846 spiritum
1049 1799 1245 1832 sanctum
1259 1791 1278 1833 '.

403 1865 522 1915 (102)
555 1862 625 1902 De
657 1862 881 1916 voluptate
925 1863 1152 1915 coniugum
1195 1863 1482 1903 immoderata
1523 1868 1670 1902 narrat
1709 1862 1862 1903 beatus

315 1931 548 1985 Gregorius
567 1932 768 1972 sacerdos
801 1932 991 1972 terribile
1026 1931 1277 1984 exemplum
1313 1931 1355 1971 in
1391 1932 1531 1984 primo
1560 1932 1860 1985 Dialogorum,

313 2002 460 2042 dicens
484 2017 491 2041 ε
529 2001 732 2042 Matrona
773 2002 960 2054 quedam
1002 2001 1157 2042 nobilis
1199 2002 1241 2041 in
1282 2000 1430 2041 vicinis
1471 2001 1628 2041 Tuscie
1669 2001 1862 2054 partibus

312 2069 499 2111 habebat
519 2084 687 2120 nurum,
711 2084 795 2124 que
816 2072 927 2110 intra
948 2070 1077 2111 breve
1109 2075 1280 2123 tempus
1314 2083 1400 2122 quo
1432 2070 1567 2110 filium
1589 2071 1678 2110 eius
1714 2083 1862 2123 accep-

312 2146 404 2180 erat
445 2153 543 2180 cum
585 2140 737 2180 eadem
778 2153 903 2180 socru
947 2153 1021 2179 sua
1069 2139 1123 2178 ad
1165 2139 1489 2179 dedicacionem
1532 2139 1706 2179 oratorii
1747 2140 1863 2180 beati

313 2208 559 2250 Sebastiani
582 2209 766 2249 martiris
787 2208 1130 2250 fueratinvitata.
1195 2207 1336 2248 Nocte
1357 2221 1459 2248 vero
1482 2208 1637 2248 eadem
1661 2222 1745 2262 qua
1768 2209 1864 2250 sub-

312 2284 519 2331 sequente
539 2279 610 2318 die
631 2279 685 2318 ad
709 2278 1031 2318 dedicacionem
1053 2276 1232 2330 predicti
1246 2276 1420 2317 oratorii
1436 2275 1578 2318 fuerat
1598 2290 1862 2330 processura,

312 2348 538 2401 voluptate
569 2347 709 2388 carnis
742 2346 912 2387 devicta
945 2361 969 2386 a
1008 2346 1099 2387 viro
1140 2359 1216 2386 suo
1248 2359 1293 2386 se
1327 2345 1544 2386 abstinere
1584 2360 1671 2387 non
1712 2347 1861 2400 potuit.

314 2416 511 2470 Cumque
532 2430 660 2457 mane
680 2416 795 2456 facto
825 2417 1138 2456 conscienciam
1172 2414 1273 2469 [fol.
1311 2415 1410 2469 5952]
1435 2422 1683 2457 contereret
1711 2430 1863 2470 perpe-

312 2493 426 2528 trata
446 2487 586 2527 carnis
607 2486 852 2535 delectacio,
874 2484 1193 2538 processionem
1209 2498 1311 2525 vero
1327 2485 1577 2538 impetraret
1593 2485 1862 2535 verecundia,

313 2557 408 2610 plus
429 2556 594 2597 vultum
617 2555 842 2596 hominurn
864 2554 1116 2594 erubescens
1133 2554 1147 2577 ‘²
1169 2567 1299 2607 quam
1324 2554 1408 2594 Dei
1432 2554 1633 2595 iudicium
1664 2562 1864 2595 metuens

314 2639 410 2667 cum
434 2639 555 2666 socru
577 2639 652 2665 sua
672 2625 724 2665 ad
758 2623 1047 2665 dedicandum
1080 2624 1313 2664 oratorium
1348 2625 1567 2677 processit.
1631 2625 1741 2665 Mox
1761 2638 1863 2665 vero

315 2702 360 2735 ut
395 2695 571 2748 reliquie
604 2695 719 2736 beati
755 2692 1000 2734 Sebastiani
1038 2694 1226 2733 martiris
1259 2694 1496 2734 oratorium
1531 2699 1629 2734 sunt
1662 2695 1863 2749 ingresse,

316 2765 500 2805 eandem
533 2763 725 2817 predicte
760 2769 955 2803 matrone
987 2776 1142 2802 nurum
1173 2762 1384 2816 malignus
1418 2764 1590 2816 spiritus
1614 2764 1792 2816 arripuit
1823 2768 1866 2803 et

317 2847 462 2874 coram
496 2833 614 2873 omni
647 2833 807 2886 populo
838 2845 998 2872 vexare
1029 2833 1150 2885 cepit.
1218 2832 1364 2872 Primo
1399 2846 1485 2872 non
1518 2831 1597 2873 fuit
1629 2832 1671 2872 in
1702 2846 1753 2872 ea
1783 2832 1864 2872 nisi

692 2934 702 2953 1
715 2934 789 2965 MS.
809 2944 998 2975 possumus.
1130 2933 1143 2951 2
1158 2933 1232 2964 MS.
1250 2934 1489 2965 erubescentes.
