2052 3278
122 1141 222 1180 G.E.,
242 1143 287 1180 II,

119 1197 140 1217 v
159 1186 203 1227 (p.
225 1187 310 1229 185).

121 1835 207 1868 Ibid.

122 2317 220 2356 Ibid„
234 2318 277 2357 11,
291 2319 322 2349 xi

123 2362 168 2404 (p.
188 2363 276 2395 222).

341 252 418 292 118
766 251 960 292 LIBER
994 250 1446 294 EXEMPLORUM

336 373 468 416 erant,
501 367 535 407 si
567 367 761 421 car-[fol.
786 367 988 421 99a]-pas
1010 366 1213 408 fatiscunt
1242 373 1284 408 et
1312 369 1579 409 resolvuntur
1610 369 1654 408 in
1682 370 1883 418 cinerem,

335 436 588 489 fumumque
629 437 834 486 excitant,
877 436 998 489 quasi
1039 437 1178 477 adhuc
1218 438 1409 480 ardeant.
1496 437 1614 491 Ignis
1656 451 1758 491 ergo
1808 439 1880 491 qui

336 505 587 547 sodomitas
618 506 751 546 semel
783 505 959 559 punivit,
992 505 1203 558 significat
1234 507 1350 560 quod
1382 507 1504 560 impii
1537 507 1629 547 sine
1665 506 1750 547 fine
1783 514 1881 548 sunt

335 575 521 628 passuri;
555 574 671 627 quod
693 580 806 615 terra
825 573 1139 628 fumigabunda
1169 582 1246 626 est,
1271 576 1385 629 quod
1415 575 1576 616 fructus
1607 575 1880 629 pulcherrimi

335 644 521 685 cinerem
544 645 657 685 intus
676 644 836 686 habent
858 650 900 685 et
932 644 1125 695 fetorem,
1147 647 1287 687 innuit
1307 646 1420 699 quod
1444 645 1678 686 delectacio
1700 646 1883 687 carnalis

336 714 414 753 etsi
435 713 574 754 stultis
593 715 760 763 arridet,
781 714 840 754 nil
873 720 1020 755 tamen
1041 715 1085 755 in
1108 715 1388 756 invisibilibus
1419 715 1497 755 nisi
1530 702 1778 755 incendium
1802 714 1883 755 sibi

335 789 533 833 reservat,
569 783 649 823 nisi
682 790 728 824 ut
760 782 903 824 fumus
933 790 1244 825 tormentorum
1277 785 1365 825 eius
1397 786 1438 824 in
1471 784 1612 825 secula
1643 784 1880 825 seculorum

336 851 563 894 ascendat)
625 853 723 895 Hec
744 852 878 894 verba
899 853 1089 895 invenies
1122 854 1179 895 ibi
1214 855 1256 894 in
1280 854 1444 895 duabus
1476 854 1620 908 glosis,
1687 853 1883 907 Explicit

336 922 794 977 exemplum.—Quod
832 930 977 964 autern
1010 923 1064 964 de
1096 922 1336 965 Sodomitis
1358 924 1510 964 dicitur
1531 923 1707 977 proferri
1739 929 1884 977 potest

336 991 390 1031 de
429 992 686 1044 quibusdam
733 993 978 1034 hominibus
1009 993 1147 1034 viliter
1163 994 1245 1046 (?)1
1287 993 1456 1034 luxurie
1495 993 1787 1042 servientibus,
1837 999 1886 1034 ut

334 1060 543 1101 habeatur
563 1062 632 1102 via
652 1061 869 1103 honestior
890 1069 933 1104 et
956 1063 1124 1116 planior
1144 1063 1198 1103 ad
1222 1063 1550 1117 predicandum.

421 1130 541 1184 (201)
588 1131 801 1172 Preterea'
831 1133 874 1172 in
916 1132 1070 1172 eodem
1112 1132 1222 1174 libro
1263 1133 1349 1174 scil.
1387 1133 1459 1185 qui
1498 1133 1653 1173 dicitur
1695 1131 1884 1173 Gemma

335 1198 630 1240 Sacerdotalis
662 1201 746 1241 due
780 1202 1050 1242 invecciones
1081 1201 1321 1254 subscripte
1351 1202 1627 1255 reperiuntur.
1690 1201 1882 1242 Primum

334 1276 398 1309 est
440 1270 535 1310 hoc.
607 1269 718 1311 Cum
761 1270 882 1324 Lays
924 1270 1117 1311 formosa
1159 1272 1364 1311 meretrix
1404 1277 1448 1310 et
1490 1271 1658 1311 famosa
1701 1271 1882 1311 nimium

335 1338 527 1392 Diogeni
569 1354 614 1380 se
657 1339 831 1380 offerret
873 1346 917 1380 et
960 1354 1038 1393 pro
1083 1346 1235 1393 stupro
1278 1341 1411 1381 etiam
1454 1341 1674 1381 modicum
1716 1347 1883 1394 peteret

333 1410 535 1462 precium,
565 1409 789 1462 respondit
821 1409 914 1450 ille:
946 1408 1075 1450 ‘Non
1107 1423 1206 1450 emo
1239 1411 1349 1449 tanti
1381 1411 1577 1463 penitere
1590 1408 1611 1450 '.
1675 1410 1722 1452 Si
1754 1411 1887 1463 igitur

335 1478 393 1519 ob
424 1479 708 1531 penitentiam
744 1481 843 1531 [que
876 1480 1082 1532 sequitur]
1117 1485 1263 1520 actum
1296 1478 1470 1520 brevem
1503 1485 1548 1519 et
1582 1480 1882 1520 transitorium

331 1547 505 1601 gentilis
560 1548 857 1601 philosophus,
910 1547 995 1589 fide
1049 1561 1213 1598 carens,
1269 1549 1585 1602 turpitudinem
1641 1548 1884 1600 declinavit,

333 1622 497 1671 quanto
545 1619 683 1670 magis
730 1617 1002 1659 Christianus
1047 1625 1228 1672 propter
1269 1618 1495 1659 vitandum
1541 1618 1644 1659 illud
1692 1618 1886 1672 penitere

333 1693 603 1740 perpetuum,
634 1686 706 1727 ubi
739 1689 868 1728 miser
899 1689 1073 1740 spiritus
1098 1701 1211 1742 pena
1236 1688 1444 1741 perhenni
1474 1693 1710 1741 torquetur,
1741 1687 1883 1728 fedam

334 1770 512 1797 omnem
546 1757 780 1798 abhorrere
812 1757 943 1799 debet
976 1758 1116 1798 carnis
1149 1758 1435 1811 voluptatem.

418 1826 539 1879 (202)
572 1826 675 1867 Alia
698 1827 934 1867 inmediate
955 1826 1225 1880 subiungitur
1246 1833 1290 1867 et
1313 1833 1377 1867 est
1400 1828 1470 1868 ita.
1524 1826 1571 1868 Si
1594 1826 1886 1880 philosophus

333 1893 418 1935 fide
439 1901 482 1935 et
505 1896 688 1936 caritate
708 1910 868 1937 vacuus
884 1896 979 1937 solo
997 1897 1129 1936 ductu
1146 1895 1331 1936 racionis
1348 1897 1488 1950 turpia
1505 1896 1728 1936 declinans
1744 1895 1881 1936 dixit:

335 1968 343 1983 ‘
364 1963 411 2005 Si
448 1965 601 2005 scirem
637 1965 744 2006 deos
781 1965 1066 2018 ignoscituros
1103 1972 1145 2006 et
1180 1966 1380 2006 homines
1422 1967 1696 2019 ignoraturos
1736 1972 1883 2006 tamen

335 2047 511 2087 peccare
538 2033 815 2089 dedignarer’
833 2050 841 2085 ;
857 2034 872 2057 2
903 2042 1069 2088 quanto
1092 2036 1231 2088 magis
1258 2034 1531 2076 Christianus
1557 2035 1641 2075 fide
1666 2035 1885 2075 radicatus

334 2109 378 2143 et
409 2102 615 2144 fundatus
647 2118 736 2144 non
771 2104 909 2145 solum
944 2110 1123 2158 propter
1154 2105 1418 2145 mundiciam
1450 2104 1705 2144 sectandam
1737 2117 1884 2144 verum

334 2173 468 2214 etiam
501 2179 679 2226 propter
711 2186 871 2226 penam
903 2180 1097 2214 eternam
1131 2174 1354 2214 vitandam
1388 2179 1432 2213 et
1465 2174 1667 2214 celestem
1701 2173 1884 2226 gloriam

335 2242 660 2296 adipiscendam
696 2243 838 2296 turpia
870 2243 1113 2286 declinabit.

426 2315 543 2364 (203)
579 2312 800 2365 Exempla
834 2314 963 2353 etiam
996 2312 1202 2353 nonnulla
1233 2326 1319 2353 non
1350 2313 1499 2365 utique
1534 2312 1884 2365 contempnenda

335 2381 377 2421 in
410 2382 566 2422 eodem
597 2382 708 2423 libro
738 2383 1015 2435 reperiuntur.
1079 2382 1272 2422 Primum
1302 2389 1448 2422 autern
1479 2383 1562 2422 hoc
1591 2388 1657 2422 est
1677 2388 1719 2422 et
1741 2381 1784 2421 in
1806 2380 1885 2422 hec

335 2450 466 2491 verba
498 2452 715 2505 scriptum.
781 2451 890 2491 Item
923 2451 1172 2505 exemplum
1203 2451 1305 2505 [fol.
1328 2451 1428 2506 99b]
1459 2451 1514 2491 de
1542 2451 1636 2491 viro
1668 2451 1722 2491 ad
1754 2464 1885 2503 quem

334 2533 431 2560 cum
460 2521 633 2574 hospita
665 2521 822 2561 domus
852 2534 909 2561 ex
940 2521 1163 2574 utriusque
1190 2534 1404 2562 consensu
1432 2526 1562 2562 nocte
1582 2521 1762 2571 veniret,
1790 2520 1884 2573 ipsa

334 2589 543 2630 adventus
581 2591 670 2630 eius
708 2590 816 2631 hora
853 2590 1079 2631 videbatur
1114 2591 1152 2631 ei
1189 2591 1230 2630 in
1268 2591 1372 2640 visu,
1410 2590 1529 2643 quod
1567 2589 1667 2630 bufo
1707 2590 1885 2643 grandis

335 2672 510 2699 manum
553 2659 643 2700 eius
683 2659 922 2708 dexteram,
964 2673 1093 2713 quam
1125 2666 1250 2700 extra
1287 2659 1443 2700 lectum
1475 2659 1587 2700 forte
1623 2659 1884 2700 dormiendo

335 2728 607 2780 proiecerat?
643 2728 874 2782 iugulabat.
940 2729 1067 2770 Unde
1103 2729 1353 2782 perterritus
1389 2734 1432 2768 et
1466 2732 1754 2781 experrectus,
1787 2740 1884 2768 cum

335 2810 513 2838 manum
546 2798 601 2838 ad
633 2811 680 2838 se
710 2798 881 2838 trahere
910 2798 1048 2847 vellet,
1082 2798 1255 2851 hospita
1285 2798 1328 2837 in
1361 2797 1559 2838 manibus
1588 2798 1675 2837 suis
1708 2796 1889 2836 firmiter

334 2866 476 2919 ipsam
510 2868 622 2907 intra
655 2879 807 2907 manus
841 2866 992 2908 ambas
1024 2867 1255 2920 complexa
1289 2866 1475 2907 tenebat.
1539 2866 1617 2906 Ille
1648 2871 1794 2906 autem
1826 2865 1884 2905 ad

574 2963 585 2982 1
602 2964 676 2995 MS.
697 2963 799 2997 uirl’r.
935 2963 947 2982 ²
960 2964 1034 2995 MS.
1054 2963 1269 3005 dedignares.
1403 2962 1415 2981 3
1427 2963 1502 2994 MS.
1521 2963 1639 3004 pietas.
