2052 3278
92 481 193 518 G.E.‚
216 483 241 521 I,

91 524 137 555 liii
156 524 200 566 (p.

93 569 178 610 160).

87 1168 172 1200 Ibid.

82 1800 169 1832 Ibid.

79 2630 164 2662 Ibid.
185 2630 228 2672 (p.

77 2674 162 2716 161).

308 219 362 259 80
733 218 925 259 LIBER
957 219 1413 263 EXEMPLORUM

304 347 521 386 personas,
558 336 662 375 dum
698 334 799 374 facit
834 348 907 375 eas
941 335 1260 377 communicare
1296 337 1384 378 sibi.
1461 338 1561 378 Hoc
1597 339 1848 391 exemplum

304 416 472 443 summa
494 404 549 443 de
568 404 685 444 viciis
701 404 908 457 scriptum
933 410 1013 445 est.

391 472 431 524 (Ι
441 476 511 524 34)
547 473 770 526 Quantum
802 487 905 513 vero
936 473 1132 514 timenda
1162 480 1227 515 est
1258 475 1472 516 sententia
1501 477 1852 517 excommunica-

302 541 438 581 cionis
470 542 706 582 ostendunt
741 542 944 594 exempla
975 543 1163 595 quedam
1200 545 1360 598 scripta
1392 544 1435 584 in
1467 544 1574 585 libro
1596 544 1670 597 qui
1692 545 1849 586 dicitur

305 609 490 650 Gemma
514 610 815 652 Sacerdotalis.
877 611 1069 652 Primum
1092 620 1239 654 autem
1260 612 1340 654 hoc
1362 619 1428 654 est
1460 619 1503 653 et
1537 614 1579 653 in
1615 612 1696 653 hec
1718 613 1850 655 verba

302 680 507 732 scriptum
542 685 618 722 est.
697 679 965 734 Exemplum
1002 682 1056 721 de
1092 682 1219 723 beato
1256 682 1477 723 Bernardo
1509 681 1668 722 abbate
1701 682 1847 724 Clare-

300 747 505 798 vallensi,1
545 750 617 802 qui
657 763 755 790 cum
796 750 851 790 ad
902 750 1123 792 ecclesiam
1155 753 1374 805 quandam
1415 751 1612 801 venisset,
1654 752 1764 792 sicut
1804 751 1848 792 in

299 816 479 871 legenda
501 818 632 871 ipsius
652 820 867 873 reperitur,
890 821 933 860 in
956 834 1040 874 qua
1056 820 1070 843 2
1102 828 1276 874 propter
1305 834 1548 861 muscarum
1571 821 1845 874 ingruentem

299 886 645 928 habundanciam
683 902 761 929 nec
800 890 931 930 etiam
963 890 1109 930 divina
1144 889 1345 930 celebrari
1378 895 1592 943 poterant,
1623 896 1666 930 et
1696 889 1778 930 hoc
1808 890 1847 930 ei

298 956 532 1007 referretur,
555 958 732 999 subiecit
748 959 810 999 vir
831 965 1005 999 sanctus
1031 975 1038 999 ε
1070 958 1155 1000 ‘Et
1176 973 1258 1013 ego
1280 960 1323 999 in
1359 958 1537 999 nomine
1560 958 1741 999 Domini
1774 972 1847 1000 eas

297 1027 627 1067 excommunico
643 1027 661 1070 '.
724 1028 857 1068 Mane
878 1041 978 1068 vero
1006 1041 1155 1068 omnes
1183 1034 1271 1069 tam
1309 1028 1350 1068 in
1387 1028 1567 1069 ecclesia
1599 1041 1731 1081 quarn
1769 1041 1847 1081 per

296 1095 479 1136 claustra
500 1097 656 1137 domus
678 1104 721 1138 et
742 1105 866 1151 septa
888 1104 1054 1138 mortue
1075 1098 1249 1138 invente
1270 1104 1382 1140 sunt.

385 1165 532 1218 (135a)
567 1165 699 1206 Aliud
720 1174 867 1208 autem
890 1166 1051 1207 ibidem
1073 1168 1279 1220 reperitur
1300 1168 1343 1207 in
1365 1167 1442 1207 hec
1463 1166 1606 1207 verba.
1668 1166 1771 1207 Fuit
1802 1173 1847 1207 et

297 1234 450 1275 mulier
489 1236 693 1285 eiusdem,
727 1236 813 1278 scil.
863 1236 1080 1285 Bernardi,
1115 1244 1310 1289 tempore
1345 1237 1400 1277 ad
1437 1249 1568 1290 quam
1603 1235 1706 1289 [sol.
1742 1235 1843 1290 74b]

296 1304 457 1345 demon
497 1305 676 1346 incubus
715 1305 1068 1346 consuetudinem
1112 1306 1276 1346 habens
1316 1305 1518 1359 quociens
1553 1305 1724 1346 volebat
1763 1305 1844 1346 sibi

296 1375 502 1416 violenter
534 1374 713 1416 invitam
747 1376 803 1415 ad
840 1376 1020 1416 abusum
1053 1375 1334 1428 supponebat.
1409 1374 1507 1428 Que
1547 1388 1645 1415 cum
1681 1375 1842 1425 abbati,

295 1445 379 1487 scil.
402 1445 634 1495 Bernardo,
655 1445 843 1485 adducta
865 1444 1014 1485 fuisset
1035 1451 1078 1485 et
1101 1457 1165 1484 res
1185 1443 1369 1497 cognita,
1392 1444 1539 1485 statim
1562 1444 1754 1485 candelis
1774 1457 1844 1484 ac—

294 1514 433 1554 censis
455 1514 685 1555 demonem
708 1513 1117 1555 excommunicabat
1141 1520 1184 1554 et
1204 1527 1380 1555 omnem
1414 1513 1453 1554 ei
1488 1514 1840 1554 communionem

293 1595 390 1624 cum
428 1583 498 1624 illa
534 1583 777 1625 Christiana
813 1598 870 1624 ex
905 1589 1030 1638 parte
1067 1584 1151 1624 Dei
1190 1583 1438 1637 Christique
1477 1583 1573 1624 Iesu
1613 1581 1844 1623 efficaciter

293 1653 531 1703 interdixit,
563 1661 606 1695 et
643 1655 701 1694 sic
735 1654 887 1694 mulier
919 1667 944 1694 a
980 1659 1103 1694 tanto
1136 1654 1417 1694 incommodo
1452 1658 1661 1706 perpetuo
1694 1658 1843 1693 curata

294 1724 477 1764 recessit.

380 1793 525 1846 (135b)
561 1793 761 1834 Tercium
781 1798 927 1833 autem
957 1793 1036 1834 sub
1062 1793 1142 1833 hac
1176 1793 1355 1833 materia
1388 1792 1659 1846 subiungitur
1692 1805 1838 1832 exem-

291 1863 410 1915 plum
446 1863 605 1904 ibidem
638 1863 888 1903 immediate
923 1863 964 1902 in
1004 1862 1084 1902 hec
1121 1861 1263 1904 verba.
1351 1861 1461 1902 Item
1498 1860 1749 1914 exemplum
1787 1861 1842 1901 de

290 1937 440 1972 sancto
462 1931 502 1971 N
508 1945 691 1982 armano,
714 1931 787 1985 qui
808 1933 918 1972 vixit
938 1931 982 1971 in
1001 1931 1102 1972 villa
1117 1931 1160 1971 in
1181 1930 1439 1984 Hybernia,3
1456 1943 1584 1984 quem
1599 1930 1688 1970 eius
1705 1943 1839 1983 usque

291 2002 332 2041 in
368 2001 626 2042 hodiernum
661 2001 841 2042 illustrat
869 2000 1058 2051 ecclesia,
1098 1999 1170 2041 ubi
1211 2006 1331 2040 tanta
1367 2006 1615 2040 excreverat
1646 1999 1835 2053 pulicum

292 2071 533 2122 multitudo,
556 2079 603 2113 ut
626 2086 676 2112 ea
697 2071 946 2125 pestilencia
967 2071 1084 2111 locus
1107 2069 1175 2110 ille
1198 2070 1285 2110 fere
1307 2070 1499 2110 desertus
1522 2076 1565 2111 et
1585 2070 1840 2111 habitatori—

290 2141 367 2182 bus
407 2155 565 2182 vacuus
605 2141 854 2189 exstitisset,
896 2154 971 2193 per
1010 2139 1511 2181 excommunicacionem
1554 2146 1598 2179 et
1628 2140 1838 2193 impreca-

288 2211 459 2251 cionem
482 2224 604 2252 suam
628 2212 671 2251 in
695 2216 866 2264 pratum
901 2209 1122 2263 quoddam
1158 2210 1408 2262 proximum
1443 2209 1695 2262 deportavit,
1717 2210 1835 2250 unde

288 2286 330 2320 et
347 2281 512 2321 meritis
534 2280 671 2321 sancti
693 2280 887 2320 eiusdem
919 2293 944 2319 a
979 2279 1075 2320 Deo
1106 2279 1245 2319 locum
1279 2278 1400 2319 illum
1435 2279 1497 2319 vis
1531 2278 1676 2319 divina
1710 2292 1836 2319 mun-

289 2349 421 2400 davit,
442 2356 487 2391 ut
510 2363 587 2391 nec
609 2363 718 2391 unus
740 2349 1018 2403 postmodum
1048 2348 1106 2390 ibi
1137 2348 1309 2402 reperiri
1340 2350 1561 2402 potuisset.
1627 2349 1677 2389 In
1709 2357 1836 2402 prato

287 2432 388 2459 vero
429 2427 549 2461 tanta
581 2419 988 2473 superhabundabat
1019 2419 1156 2472 copia,
1191 2424 1237 2458 ut
1270 2431 1355 2458 non
1389 2424 1557 2459 tantum
1588 2418 1836 2459 hominibus

287 2502 435 2529 verum
456 2490 592 2530 eciam
609 2488 755 2530 bestiis
772 2494 945 2529 maneat
966 2486 1446 2528 inaccessibile—Sane
1467 2487 1570 2528 talia
1590 2494 1633 2528 et
1648 2487 1833 2540 plurima

287 2558 524 2599 consimilia
546 2559 719 2613 reperiri
740 2562 920 2611 possunt
946 2570 1071 2611 super
1095 2556 1175 2597 hac
1211 2557 1391 2598 materia
1423 2556 1579 2610 quibus
1616 2558 1832 2598 sententia

286 2628 462 2669 ecclesie
482 2629 723 2669 ostenditur
745 2626 1030 2669 formidanda.
1090 2625 1137 2667 Si
1159 2627 1273 2666 enim
1296 2627 1337 2666 in
1352 2627 1558 2667 demones
1574 2632 1617 2667 et
1633 2628 1763 2667 etiarn
1786 2626 1831 2667 in

287 2711 453 2739 vermes
474 2704 517 2738 et
533 2698 738 2740 bestiolas
753 2712 859 2751 quas
875 2703 1054 2738 excusat
1067 2711 1092 2736 a
1104 2696 1284 2736 crimine
1301 2697 1392 2749 ipsa
1409 2695 1644 2737 bestialitas
1661 2702 1828 2738 tantam

287 2769 373 2809 vim
397 2769 527 2809 habet
546 2768 800 2822 inprecacio,
817 2780 904 2807 non
919 2780 1068 2820 parum
1086 2765 1331 2806 hominibus
1349 2766 1514 2806 ratione
1527 2765 1714 2819 preditis,
1731 2778 1827 2806 cum

647 2870 658 2889 1
671 2871 744 2901 MS.
763 2868 987 2900 darevalensi.
1124 2868 1136 2887 ²
1150 2869 1225 2900 MS.
1243 2870 1367 2900 inserts
1383 2880 1469 2902 cum.

643 2914 742 2946 3MS.
762 2914 865 2945 Nano
884 2914 938 2954 qui
956 2912 1032 2944 uieu
1049 2937 1056 2943 .
1076 2912 1085 2942 i
1102 2936 1110 2944 .
1127 2913 1243 2945 villam
1261 2917 1272 2943 i
1290 2914 1479 2954 Hybernia.
