2052 3278
749 191 833 254 DE
866 211 1097 254 FURTIS
1637 213 1688 261 37

151 331 307 371 civium
342 344 427 370 non
463 329 682 383 ignobiles,
720 329 948 369 maledicto
985 329 1131 369 matris
1167 327 1338 376 recenti,
1374 327 1503 379 patris
1543 338 1689 365 eorum

154 399 273 440 obitu
306 400 518 447 destitute,
555 412 637 451 que
674 398 868 438 iniuriam
906 397 986 438 sibi
1028 397 1082 437 ab
1122 399 1181 437 eis
1222 396 1379 436 factam
1422 394 1692 436 acerbissime

153 468 260 517 tulit,
292 468 368 508 tali
404 481 517 521 pena
548 473 645 507 sunt
678 466 882 506 divinitus
914 466 1127 514 coherciti,
1160 471 1205 505 ut
1237 464 1496 504 horribiliter
1527 468 1693 517 quater-

152 542 276 576 entur
306 550 456 577 omnes
485 542 668 576 tremore
699 534 1000 575 membrorum.
1065 535 1228 576 Omnia
1259 534 1374 574 enim
1408 533 1604 573 membra
1633 533 1691 572 ita

153 604 343 646 habeant
383 605 626 652 tremencia,
668 604 727 643 ita
765 602 957 649 horribili
999 609 1042 643 et
1085 603 1260 643 terribili
1296 608 1482 642 tremore
1517 607 1560 642 et
1593 615 1693 642 con-

153 675 355 723 cussione,
397 680 443 713 ut
482 675 524 713 in
564 672 644 712 hac
685 671 908 711 fedissima
948 673 1090 724 specie
1131 672 1274 711 oculos
1320 685 1489 711 suorum
1536 671 1692 710 civium

151 755 238 782 non
279 743 472 791 ferentes,
508 754 847 794 quaquaversum
889 741 1039 793 cuique
1075 741 1133 780 ire
1169 742 1304 781 visum
1342 746 1417 790 est,
1456 746 1548 781 toto
1584 753 1695 793 pene

153 811 419 864 vagabantur
458 811 561 852 orbe
605 811 816 850 Romano.
880 809 951 849 Ex
992 809 1073 849 hiis
1115 810 1245 849 etiam
1282 809 1335 849 ad
1373 823 1451 850 nos
1485 815 1720 857 venerunt,

153 880 250 928 duo,
297 880 426 920 frater
469 885 511 919 et
555 892 684 927 soror,
733 877 884 919 Paulus
926 883 969 918 et
1014 877 1230 927 Pauladia,
1274 878 1417 918 multis
1458 878 1551 918 aliis
1593 878 1694 918 locis

154 950 327 989 miseria
350 948 605 989 diffamante
629 947 714 987 iam
740 948 914 1001 cogniti.
978 948 1202 988 Venerunt
1227 952 1371 987 autem
1398 952 1500 987 ante
1528 947 1694 987 Pascha

153 1017 288 1057 ferme
319 1018 410 1057 dies
441 1017 699 1069 quindecim,
727 1021 770 1056 et
800 1016 1022 1056 ecclesiam
1055 1016 1215 1056 cotidie
1246 1016 1536 1069 ingredientes
1566 1016 1608 1055 in
1645 1029 1696 1055 ea

154 1087 407 1126 memoriam
434 1086 726 1140 gloriosissimi
756 1086 939 1125 martiris
968 1084 1180 1138 Stephani
1211 1084 1549 1137 frequentabant,
1572 1097 1695 1124 oran-

153 1160 216 1194 tes
243 1160 289 1194 ut
316 1154 395 1194 sibi
421 1156 506 1195 iam
532 1153 772 1207 placaretur
800 1154 918 1194 Deus
944 1160 987 1194 et
1015 1153 1195 1194 salutem
1222 1155 1447 1207 pristinam
1474 1153 1671 1194 redderet
1686 1167 1694 1201 ;

151 1224 271 1276 quod
314 1230 356 1264 et
398 1223 724 1264 misericorditer
758 1222 942 1263 deindel
979 1223 1139 1263 factum
1176 1229 1250 1263 est.
1303 1223 1511 1276 Explicit
1548 1236 1696 1263 exem-

153 1291 484 1345 plum.—Vides
516 1292 757 1334 Christiane
788 1306 917 1345 quam
944 1291 1061 1346 gravi
1083 1292 1249 1332 ulcione
1280 1292 1465 1345 percussi
1496 1298 1594 1332 sunt
1624 1292 1696 1345 qui

151 1360 348 1402 iniuriam
381 1363 547 1415 parenti
579 1360 733 1402 inferre
762 1374 850 1401 non
881 1361 1124 1401 timuerunt.
1185 1361 1301 1401 Talis
1330 1362 1475 1414 utique
1500 1374 1549 1401 ac
1579 1367 1699 1401 tanta

153 1429 231 1470 fuit
269 1432 345 1471 hec
382 1430 492 1471 ulcio
528 1430 643 1483 quod
678 1429 823 1471 oculos
856 1431 1011 1470 civium
1044 1442 1216 1470 suorum
1251 1443 1340 1470 non
1374 1429 1570 1479 ferentes,
1606 1436 1699 1470 toto

156 1512 266 1551 pene
296 1499 396 1553 [fol.
431 1499 529 1553 79b]
560 1500 724 1539 mundo
750 1499 1013 1552 vagabantur
1042 1499 1203 1546 incerti,
1234 1506 1280 1539 ut
1311 1500 1515 1553 exemplo
1551 1512 1697 1540 eorum

155 1567 315 1621 ubique
345 1570 652 1621 castigarentur
684 1568 1024 1609 Christianorum
1057 1567 1128 1608 filii
1161 1582 1214 1608 ne
1245 1582 1328 1621 qua
1357 1570 1581 1617 occasione
1607 1582 1701 1622 par-

155 1637 326 1678 entibus
347 1637 534 1677 audeant
547 1637 561 1660 2
582 1638 778 1677 iniuriam
802 1638 1003 1690 irrogare.

803 1745 872 1784 De
891 1745 1048 1795 furtis.

246 1835 369 1888 (145)
402 1835 666 1889 Exemplum
697 1834 887 1876 notabile
916 1835 1096 1876 multum
1119 1835 1263 1875 valens
1284 1836 1338 1876 ad
1362 1836 1698 1877 detestacionem
1714 1845 1793 1875 Vita
1810 1845 1844 1875 S.
1880 1888 1885 1893 ⁸

156 1904 259 1945 furti
281 1905 417 1957 reperi
439 1904 482 1944 in
504 1904 592 1944 vita
613 1904 727 1944 beati
750 1904 967 1944 Brandani
989 1904 1100 1944 hunc
1121 1903 1282 1945 habens
1305 1905 1495 1947 modum.
1542 1905 1702 1946 Beatus
1716 1888 1898 1919 Brandam.

160 1973 427 2022 BrandanuS‚
465 1986 560 2013 cum
594 1974 779 2013 venisset
816 1975 857 2013 in
895 1974 1077 2013 insulam
1114 1974 1333 2026 quandam
1369 1988 1466 2015 cum
1505 1974 1704 2015 fratribus

154 2043 242 2083 suis
262 2055 404 2082 secum
426 2042 738 2095 navigantibus,
759 2043 880 2083 venit
903 2042 956 2081 ad
980 2042 1160 2095 opidum
1183 2043 1415 2095 quoddam,
1440 2043 1511 2084 ubi
1540 2043 1703 2083 invenit

160 2111 338 2151 domum
382 2117 575 2164 paratam
615 2118 657 2151 et
702 2117 880 2152 stratam
923 2111 1086 2151 lectulis
1127 2118 1170 2152 et
1209 2112 1380 2153 sedibus
1425 2118 1468 2154 et
1511 2125 1703 2153 mensam

160 2180 345 2233 positam
388 2186 430 2220 et
472 2179 754 2220 lintheamina
794 2187 837 2220 et
880 2194 1011 2233 panes
1053 2181 1239 2234 singulos
1281 2182 1377 2222 miri
1420 2182 1617 2222 candoris
1663 2187 1706 2222 et

161 2249 309 2301 pisces.
373 2248 523 2289 Sciens
553 2248 705 2289 beatus
737 2249 995 2289 Brandanus
1024 2249 1104 2290 hec
1136 2264 1161 2289 a
1192 2250 1291 2290 Deo
1322 2249 1402 2290 sibi
1435 2257 1477 2291 et
1505 2252 1590 2290 suis
1614 2264 1705 2291 esse

157 2323 319 2371 parata,
352 2319 534 2370 suscepit
556 2317 645 2371 ipse
665 2324 708 2358 et
729 2319 794 2358 sui
827 2319 986 2359 ibidem
1020 2318 1313 2360 refeccionem.
1379 2320 1428 2360 In
1457 2320 1528 2360 illa
1557 2326 1702 2361 autern

161 2386 293 2426 domo
343 2391 465 2426 erant
514 2400 705 2439 appensa
754 2387 809 2427 ad
862 2389 1072 2440 parietes3
1117 2388 1292 2428 vascula
1338 2388 1492 2428 diversi
1539 2391 1705 2442 generis

161 2454 336 2504 metalli,
369 2454 489 2495 frena
520 2460 563 2495 et
593 2469 751 2497 cornua
780 2462 962 2508 argento
992 2456 1265 2497 circumdata.
1332 2457 1528 2510 Precepit
1559 2464 1703 2498 autem

160 2523 309 2563 beatus
341 2523 593 2563 Brandanus
623 2525 746 2564 sociis
778 2525 862 2564 suis
893 2524 1063 2565 dicens:
1099 2525 1286 2567 ‘Cavete
1314 2526 1469 2566 fratres
1495 2539 1548 2566 ne
1577 2526 1705 2567 Sath-

158 2606 267 2633 anas
289 2593 493 2645 perducat
513 2606 590 2633 nos
612 2594 656 2633 in
679 2595 1032 2647 temptacionern.
1088 2595 1233 2636 Video
1253 2596 1368 2635 enim
1392 2594 1522 2645 illum,
1545 2596 1705 2636 scilicet

163 2661 407 2714 dyabolum,
429 2675 559 2701 unum
594 2675 650 2702 ex
682 2662 817 2703 tribus
838 2663 1050 2713 fratribus,
1078 2665 1150 2717 qui
1182 2670 1279 2717 post
1310 2678 1386 2704 nos
1411 2669 1622 2704 venerunt
1652 2666 1706 2705 de

161 2737 317 2771 nostro
358 2730 632 2780 monasterio,
673 2731 924 2772 suadentem
968 2732 1021 2771 de
1062 2732 1174 2772 furto
1214 2732 1424 2785 pessimo.⁷
1482 2732 1703 2786 Siquidem

163 2806 249 2840 tres
294 2799 459 2848 fratres,
506 2799 559 2839 de
603 2798 755 2851 quibus
803 2799 1064 2853 loquebatur,
1115 2801 1278 2841 dimissi
1325 2802 1444 2842 domi
1489 2815 1513 2841 a
1558 2809 1705 2843 sancto

449 2887 460 2907 1
477 2888 550 2920 MS.
569 2888 680 2920 dand‘.
812 2889 910 2921 2ΜΞ).
931 2890 1080 2922 audiant.
1212 2890 1225 2909 ³
1238 2891 1311 2922 MS.
1331 2892 1464 2932 parites.
