2052 3278
769 196 908 267 PDE
942 227 1092 268 FIDE
1673 231 1723 280 85

196 359 347 385 manus
380 345 467 385 eius
500 343 558 382 ita
590 342 815 382 astrictus1
848 348 923 393 est,
945 349 991 383 ut
1012 343 1187 396 sanguis
1218 341 1357 382 fixura
1388 341 1551 395 pollicis
1580 344 1730 392 exiret,

192 413 418 466 ipsumque
437 412 602 465 lignum
624 423 709 463 quo
731 410 846 451 mola
866 412 1087 452 rotabatur
1118 412 1229 452 inter
1248 410 1449 464 pollicem
1473 416 1516 450 et
1539 411 1730 463 palmam

193 483 252 522 ita
302 482 446 522 stricte
493 479 731 528 tenebatur,
781 486 828 519 ut
878 479 1000 520 avelli
1052 481 1152 521 inde
1203 478 1458 520 mullatenus
1508 481 1730 532 potuisset.

195 551 375 592 Curatus
392 555 456 590 est
471 555 613 588 autem
631 562 656 587 a
672 553 821 588 sancto
845 548 1102 589 Audoweno
1114 549 1240 602 signo
1256 549 1391 589 crucis
1407 548 1488 588 sibi
1510 549 1731 602 impresso,

193 633 288 660 cum
309 618 532 673 procidens
553 622 719 656 reatum
743 630 865 657 suum
888 617 1158 658 lacrimaliter
1184 618 1270 669 (sic)
1295 616 1577 659 confiteretur.

864 731 933 770 De
951 731 1056 784 fide.

285 821 399 871 (142)
435 819 508 858 Ad
539 817 969 857 commendacionem
996 817 1094 857 fidei
1125 823 1168 857 et
1198 816 1522 869 sugillacionem
1556 817 1735 858 infideli-

193 891 295 931 tatis
335 896 377 930 et
417 889 606 929 defectus
648 888 876 929 soliditatis
917 888 959 927 in
1002 888 1087 928 fide
1126 887 1294 928 videtur
1333 887 1464 928 michi
1506 887 1734 940 plurimum

193 959 336 1000 valere
377 959 491 1012 quod
532 956 677 997 retulit
717 957 847 997 michi
891 956 1017 997 frater
1058 956 1253 997 Thomas
1296 957 1351 996 de
1390 956 1562 1008 Okoyn,
1604 957 1737 997 frater

193 1029 356 1069 ordinis
390 1026 533 1076 nostri,
555 1026 619 1067 vir
654 1025 792 1066 bonus
828 1032 872 1066 et
903 1026 1039 1066 fidelis
1069 1032 1112 1066 et
1144 1026 1385 1066 admodum
1417 1025 1640 1074 litteratus,
1663 1027 1735 1078 qui

193 1097 324 1137 etiam
347 1097 402 1136 ad
423 1096 717 1149 episcopatum
751 1094 1010 1136 Clonensem
1042 1101 1288 1148 assumptus
1309 1100 1384 1144 est,
1406 1100 1638 1148 postquam
1660 1109 1738 1147 per

192 1166 400 1219 plurimos
440 1177 575 1205 annos
618 1164 661 1204 in
701 1169 957 1217 paupertate
998 1170 1041 1204 et
1079 1163 1321 1204 humilitate
1361 1168 1405 1203 et
1437 1163 1738 1216 predicacione

194 1235 408 1275 autentica
439 1240 484 1274 et
515 1233 788 1282 edificatoria,
820 1232 1074 1286 obsequium
1106 1233 1299 1274 sedulum
1336 1233 1435 1273 Deo
1465 1232 1735 1274 exhibuerat.

196 1304 437 1357 Episcopus
474 1309 617 1343 autem
653 1303 844 1342 existens
881 1301 1026 1342 retulit
1061 1302 1191 1341 michi
1226 1315 1316 1342 rem
1357 1307 1528 1354 gestam
1565 1301 1736 1341 dicens:

196 1373 304 1427 Ego,
327 1372 474 1426 inquit,
496 1372 671 1425 quando
693 1371 1003 1424 predicacionis
1023 1370 1209 1411 officium
1234 1370 1332 1423 [fol.
1354 1370 1457 1424 78a]
1478 1370 1735 1411 exercebam

195 1443 240 1482 in
264 1443 426 1491 ordine,
447 1442 544 1481 veni
561 1441 747 1493 quadam
768 1440 859 1479 vice
878 1441 932 1480 ad
957 1440 1266 1492 predicandum
1289 1439 1332 1479 in
1355 1438 1616 1481 Connakcia.
1680 1439 1740 1479 Et

194 1525 291 1551 ecce
326 1517 427 1551 tunc
457 1509 664 1562 temporis
695 1509 737 1548 in
775 1510 1029 1561 episcopatu
1063 1507 1336 1557 Clusertenci,
1366 1507 1582 1557 mirabilis,
1604 1508 1738 1548 immo

196 1579 461 1629 miserabilis,
478 1584 569 1618 erat
585 1578 836 1631 pestilentia.
882 1577 970 1618 Ubi
987 1578 1103 1617 enim
1123 1578 1321 1617 homines
1338 1575 1459 1616 ibant
1474 1576 1529 1616 ad
1547 1589 1740 1617 carrucas

195 1662 293 1689 suas
327 1647 395 1688 vel
427 1647 532 1687 alias
563 1649 605 1687 in
641 1647 755 1699 agris
792 1653 865 1686 aut
902 1647 944 1686 in
982 1646 1229 1686 nemoribus
1270 1645 1552 1694 ambulantes,
1592 1646 1741 1685 videre

196 1718 403 1767 solebant,
425 1724 471 1757 ut
485 1717 615 1757 michi
628 1714 852 1764 referebat,
869 1716 1083 1755 exercitus
1101 1715 1401 1755 demoniorum
1418 1716 1739 1755 transeuncium

197 1793 240 1827 et
261 1786 523 1840 aliquociens
540 1788 649 1826 inter
671 1799 715 1825 se
737 1785 1172 1837 compungnancium.
1234 1783 1306 1824 Ad
1326 1797 1507 1836 quorum
1530 1785 1742 1824 visionem

197 1857 344 1896 statim
368 1854 538 1896 fuerunt
558 1855 808 1894 infirmitate
830 1853 1020 1906 percussi
1038 1860 1081 1893 et
1104 1852 1291 1893 morbidi
1313 1852 1468 1901 effecti,
1490 1852 1741 1906 languentes

197 1931 239 1965 et
262 1926 304 1964 in
327 1925 532 1978 languore
557 1924 832 1972 decubantes,
852 1936 1019 1963 necnon
1042 1928 1085 1962 et
1107 1923 1230 1962 multi
1252 1923 1409 1962 mortui
1433 1921 1743 1963 miserabiliter.

199 1994 356 2047 ‘Quod
395 1992 499 2046 ego,’
554 1993 716 2046 inquid,
758 1996 826 2033 ‘ut
866 1992 1025 2041 audivi,
1068 1991 1149 2031 feci
1190 1992 1552 2031 convocacionem
1594 1991 1743 2045 populi

199 2076 286 2102 non
319 2062 542 2103 minimam
584 2068 648 2102 set
680 2074 898 2114 magnam,
935 2067 978 2100 et
1010 2060 1226 2113 predicavi
1257 2059 1435 2100 verbum
1473 2060 1567 2109 Dei,
1603 2061 1744 2100 huius-

201 2129 318 2169 modi
334 2128 467 2169 verba
487 2130 635 2169 dicens
668 2129 779 2168 inter
809 2126 917 2167 alia:
954 2127 1105 2176 Modo,
1128 2126 1234 2175 dixi,
1254 2140 1333 2166 vos
1363 2126 1534 2166 habetis
1558 2128 1600 2166 in
1622 2126 1746 2167 vobis

199 2211 402 2251 magnam
422 2197 729 2251 pestilenciam‚
744 2202 787 2237 et
802 2203 1052 2249 procuratur
1065 2209 1090 2235 a
1103 2195 1365 2236 demonibus
1380 2208 1488 2248 quos
1503 2195 1748 2248 frequenter

199 2268 242 2306 in
264 2266 454 2320 partibus
475 2266 567 2307 istis
582 2272 763 2306 cernunt
781 2266 949 2318 plurimi
971 2279 1028 2304 ex
1045 2264 1179 2305 vobis.
1234 2263 1365 2305 Scitis
1383 2277 1513 2316 quare
1535 2265 1744 2305 demones

200 2336 362 2376 habent
377 2341 632 2389 potestatem
647 2335 894 2376 huiusmodi
908 2339 1168 2373 nocumenta
1181 2333 1305 2373 nobis
1320 2333 1533 2372 inferendi
1549 2337 1564 2373 ?
1607 2333 1747 2383 Certe,

202 2405 348 2457 inquio
381 2405 486 2457 (sic),
509 2404 590 2444 hoc
612 2410 676 2444 est
707 2410 885 2457 propter
916 2401 1134 2443 defectum
1156 2401 1257 2441 fidei
1278 2408 1430 2442 vestre.
1492 2402 1584 2442 Vos
1615 2403 1744 2443 nimis

201 2474 363 2514 timetis
404 2480 666 2527 potestatem
709 2486 871 2523 eorum,
909 2479 951 2512 et
984 2485 1071 2512 non
1111 2471 1285 2512 creditis
1314 2484 1393 2511 nec
1428 2471 1625 2524 cogitatis
1667 2485 1746 2511 nec

201 2542 414 2583 confiditis
454 2543 570 2595 quod
609 2541 824 2582 Dominus
859 2541 960 2581 velit
995 2554 1071 2580 vos
1102 2539 1335 2580 defendere
1365 2545 1408 2579 et
1440 2540 1656 2580 custodire
1691 2553 1746 2580 ne

203 2611 370 2665 possint
405 2612 529 2652 vobis
565 2624 733 2653 nocere.
814 2609 874 2650 Et
906 2616 1129 2662 propterea
1162 2609 1343 2648 sustinet
1376 2608 1593 2648 Dominus
1627 2609 1744 2662 quod

202 2680 420 2721 habeant2
457 2686 714 2733 potestatem
749 2679 931 2719 faciendi
962 2678 1085 2719 vobis
1116 2677 1278 2718 malum
1312 2678 1428 2730 quod
1463 2676 1636 2718 faciunt.
1699 2677 1746 2719 Si

202 2749 415 2789 haberetis
437 2748 567 2789 fidem
589 2747 771 2797 firmam,
789 2754 832 2788 et
845 2747 1075 2788 crederetis
1089 2746 1267 2786 firmiter
1281 2746 1396 2799 quod
1415 2746 1544 2786 nichil
1566 2753 1749 2799 possunt

205 2819 286 2858 nisi
308 2824 514 2871 quantum
538 2818 749 2870 permittit
772 2816 1001 2864 Dominus,
1024 2823 1067 2856 et
1089 2815 1380 2856 emendaretis
1400 2815 1535 2855 vitam
1547 2821 1748 2865 vestram,

670 2909 678 2925 1
692 2908 768 2938 MS.
786 2907 941 2938 afflictus.
1075 2905 1087 2924 2
1101 2906 1176 2937 MS.
1194 2906 1294 2936 hanc.
