2052 3278
639 235 722 275 DE
759 199 1221 277 lNDULGENCIIS
1644 253 1699 292 99

154 356 325 403 sequtus
357 349 500 399 fuerat,
535 355 577 389 et
607 355 671 390 tot
701 349 879 391 haberet
910 357 953 391 et
975 357 1119 392 tantas
1150 352 1471 406 indulgencias;
1495 358 1538 393 et
1560 353 1698 393 indul-

152 420 323 471 gencias
344 419 624 460 enumeravit.
690 419 789 459 Hoc
820 418 997 460 audiens
1019 419 1340 473 paterfamilias,
1365 428 1408 462 et
1430 423 1624 474 cogitans
1643 422 1698 462 de

155 486 243 528 filio
283 487 472 540 quodam
514 501 588 527 suo
631 488 715 527 iam
758 501 893 540 nuper
930 495 1115 539 mortuo,
1159 490 1382 543 respondit
1423 492 1461 530 ei
1503 492 1545 530 in
1587 491 1699 531 hunc

156 556 358 597 modum:
393 557 536 596 ‘Bene
567 562 681 596 esset
716 557 845 596 michi
878 558 912 596 si
934 557 1141 598 haberem
1173 563 1342 600 tantam
1376 559 1696 612 indulgenciam

156 624 243 665 filio
280 638 378 666 meo
410 638 543 678 nuper
577 624 779 665 defuncto
792 625 814 666 ἰ.
880 625 939 665 Et
976 626 1090 667 dixit
1127 626 1207 676 ille,
1250 627 1403 668 leviter
1444 627 1622 682 loquens
1657 635 1700 669 et

154 694 426 747 insipienter:
461 693 626 743 ‘Certe,
659 694 808 747 inquit,
841 694 1030 743 domine,
1065 696 1253 736 vendam
1277 696 1355 737 tibi
1379 710 1529 737 omnes
1560 697 1697 738 indul-

152 764 325 815 gencias
345 763 399 803 ad
422 776 529 816 opus
549 762 622 803 filii
644 763 704 803 tui
721 765 813 803 '.—-‘
828 763 969 810 Certe,
991 763 1104 803 dixit
1126 764 1240 814 alius,
1258 769 1301 805 et
1324 779 1406 819 ego
1436 779 1508 806 eas
1528 767 1697 807 emam.'

156 832 283 873 Dixit
304 838 448 873 autem
482 831 575 873 ille:
609 832 684 872 ‘In
716 832 912 880 veritate,
935 832 978 872 in
1011 837 1183 873 tantum
1220 834 1411 887 expendi
1443 835 1486 875 in
1521 836 1697 876 istarum

154 901 494 954 adquisicionem
526 901 904 954 indulgenciarum‚
936 907 1107 941 tantum
1140 915 1220 952 pro
1255 904 1315 943 eis
1348 904 1461 943 detis
1485 903 1626 952 michi,
1656 910 1699 945 et

152 983 249 1011 cum
298 970 379 1010 hoc
438 976 585 1011 tamen
636 983 767 1010 unum
819 982 999 1023 poccum
1050 971 1246 1011 servissie
1297 972 1339 1011 in
1392 972 1697 1026 biberagium’.

155 1037 391 1092 Adquievit
413 1039 674 1079 domesticus
704 1045 748 1079 et
780 1040 1037 1079 comercium
1069 1046 1416 1081 consummatum
1448 1048 1524 1082 est.
1587 1042 1699 1083 Ecce

152 1114 308 1158 autem,
332 1114 462 1149 nocte
483 1109 689 1161 sequenti,
711 1108 956 1149 dormiente
978 1109 1227 1158 domestico,
1254 1110 1296 1150 in
1329 1123 1479 1150 aurora
1500 1112 1700 1164 apparuit

153 1177 192 1216 ei
214 1190 290 1230 per
309 1177 520 1217 visionem
542 1177 715 1230 spiritus
747 1177 936 1230 quidam,
959 1179 1107 1229 magni
1140 1178 1314 1219 luminis
1335 1178 1496 1231 fulgore
1521 1181 1700 1220 circum-

153 1251 307 1299 septus,
350 1245 527 1299 loquens
566 1247 619 1288 ei.
698 1245 893 1299 Cumque
933 1248 1158 1288 miraretur
1197 1249 1292 1301 quis
1331 1255 1454 1299 esset,
1497 1249 1611 1289 dixit
1661 1250 1699 1289 ei

152 1315 345 1367 spiritus:
380 1315 516 1368 ίΕςο,
557 1316 706 1368 inquit,
739 1328 832 1355 sum
868 1314 976 1356 filius
1011 1322 1118 1365 tuus,
1151 1321 1193 1356 et
1225 1316 1574 1359 benedictionem
1615 1318 1699 1358 Dei

152 1390 357 1436 tanquam
379 1390 501 1437 pater
522 1383 659 1425 bonus
690 1384 848 1424 habere
868 1384 1026 1434 valeas,
1050 1385 1161 1438 quia,
1180 1400 1255 1439 per
1277 1385 1574 1439 indulgencias
1594 1401 1701 1440 quas

153 1454 315 1493 emistis
336 1453 430 1505 (sic)
451 1453 505 1493 ad
527 1467 633 1506 opus
654 1466 810 1503 meum,
831 1467 856 1494 a
878 1455 1000 1507 penis
1022 1454 1220 1495 liberatus
1241 1469 1346 1504 sum,
1368 1462 1411 1496 et
1434 1456 1566 1496 modo
1587 1456 1700 1496 vado

153 1521 206 1561 ad
231 1521 367 1561 celum
383 1521 401 1563 ’.
452 1521 511 1562 Et
532 1523 715 1562 evanuit.
769 1522 957 1576 Surgens
979 1528 1122 1564 autem
1142 1523 1463 1575 paterfamilias,
1481 1525 1700 1577 quiescere

152 1604 239 1631 non
261 1590 421 1640 valens,
444 1605 519 1644 pre
539 1592 700 1643 gaudio
723 1591 882 1633 familie
903 1606 976 1632 sue
1007 1593 1146 1633 visum
1170 1595 1389 1634 nunciavit
1418 1607 1515 1636 cum
1539 1608 1698 1648 magna

153 1659 295 1699 cordis
325 1658 604 1700 exultacione.
665 1660 883 1701 Venditor
911 1668 1056 1702 autem
1084 1662 1234 1712 fatuus,
1264 1662 1401 1703 adhuc
1434 1663 1627 1704 existens
1657 1665 1699 1703 in

153 1726 286 1767 domo
308 1732 352 1765 et
372 1725 455 1766 hoc
476 1727 665 1776 audiens,
688 1717 824 1767 voluit
847 1727 1047 1773 denarios
1079 1734 1276 1782 receptos
1297 1730 1465 1779 reicere,
1488 1729 1635 1770 dicens
1655 1743 1700 1770 se

153 1794 261 1835 velle
293 1795 609 1848 indulgenciam
646 1809 766 1836 suam
802 1795 1017 1838 rehabere.
1079 1798 1356 1839 Domesticus
1397 1805 1541 1839 autem
1584 1798 1699 1840 nullo

155 1864 287 1904 modo
321 1863 454 1904 voluit
494 1864 571 1905 sibi
609 1865 883 1918 adquiescere
905 1865 1006 1919 [fol.
1032 1866 1134 1920 88⁶2]
1166 1873 1210 1907 et
1241 1867 1311 1907 ille
1341 1869 1513 1909 recessit
1544 1881 1700 1908 vacuus

155 1932 520 1986 indulg'enciarum
533 1946 712 1983 suarum,
727 1934 905 1975 fructum
917 1934 1004 1975 filio
1016 1935 1245 1976 domestici
1258 1938 1429 1989 penitus
1442 1943 1697 1990 reportante.

151 2002 349 2054 —Igitur
369 2015 455 2042 non
476 2009 792 2056 contempnant
808 2003 1103 2056 indulgencias
1118 2006 1216 2054 vivi,
1239 2019 1421 2058 quarum
1439 2004 1624 2046 fructum
1640 2007 1698 2046 sic

157 2070 410 2111 mirabiliter
443 2072 600 2111 mortui
634 2077 851 2112 merentur
882 2074 1086 2125 accipere.
1150 2074 1343 2115 Eventus
1375 2076 1456 2116 iste
1486 2075 1588 2115 satis
1618 2075 1700 2115 fuit

155 2138 398 2193 divulgatus
438 2141 480 2180 in
524 2140 714 2189 Ustonia,
755 2147 798 2181 et
840 2141 970 2182 frater
1011 2143 1143 2183 etiam
1197 2143 1464 2184 Dunekanus
1508 2145 1701 2184 narravit

156 2208 275 2248 fratri
309 2208 505 2250 Roberto
527 2209 581 2250 de
600 2210 878 2250 Dodintone1
900 2211 1016 2264 quod
1038 2211 1121 2252 hoc
1143 2213 1370 2253 occasione
1392 2213 1702 2266 predicacionis

157 2291 305 2318 eorum
347 2284 561 2327 evenerat,
597 2284 639 2319 et
684 2279 800 2332 quod
836 2278 996 2321 factum
1044 2281 1105 2320 eis
1155 2281 1388 2322 retulerunt
1439 2282 1701 2323 domesticus

158 2346 282 2386 simul
314 2353 357 2386 et
378 2346 516 2387 fatuus
537 2353 748 2389 mercator
770 2356 1044 2390 memoratus.

294 2456 362 2496 Dc
382 2456 549 2497 iniuria
571 2457 858 2498 innocentibus
877 2459 967 2499 sive
988 2459 1034 2499 in
1060 2459 1182 2500 rebus
1201 2460 1291 2500 sive
1313 2460 1358 2500 in
1373 2467 1564 2513 persona.

244 2543 362 2595 (167)
402 2543 637 2585 Inferentes
654 2545 747 2585 aliis
762 2545 915 2586 iniusta
930 2553 1191 2588 nocumenta
1207 2548 1310 2600 quid
1328 2547 1492 2589 faciunt
1507 2550 1700 2590 sencient

157 2626 235 2665 pro
275 2619 484 2665 tempore.
570 2613 750 2654 Habent
788 2616 904 2655 enim
945 2616 1073 2656 valde
1114 2616 1267 2657 fortem
1319 2618 1699 2670 impungnatorem

157 2687 305 2722 contra
337 2695 392 2730 se,
424 2683 530 2721 sicut
565 2683 692 2724 docet
731 2683 862 2724 Sacre
904 2684 1125 2738 Scripture
1162 2687 1470 2735 testimonium,
1502 2688 1566 2728 cui
1598 2689 1701 2728 satis

158 2751 285 2806 plane
306 2752 590 2805 subscriptum
621 2760 828 2794 consonat
858 2754 1125 2807 exemplum.
1190 2754 1347 2795 Mulier
1369 2756 1508 2805 vidua,
1529 2757 1584 2797 de
1615 2771 1699 2810 qua

158 2821 344 2874 superius
381 2828 668 2862 memoratum
706 2829 780 2872 est,
822 2823 865 2862 in
906 2823 1071 2863 rubrica
1100 2823 1151 2863 dc
1185 2824 1357 2872 accidia,
1388 2838 1470 2877 que
1502 2826 1700 2867 videlicet

762 2912 773 2932 1
792 2913 868 2944 MS.
888 2913 1094 2946 Doduitone.
