2052 3278
787 207 870 252 DE
903 209 1169 254 ACCIDIA
1693 217 1747 258 39

216 328 352 369 Suum
389 335 528 369 autem
561 328 739 369 verbum
771 327 813 367 in
854 328 1041 381 Anglico
1073 327 1161 375 fuit,
1195 326 1317 378 ‘quia
1349 325 1464 365 exivi
1498 327 1597 363 ante
1629 335 1747 361 com-

213 397 487 447 munionem,’
522 402 611 446 ete,
645 397 726 436 hoc
761 403 848 436 est:
883 395 973 437 ‘for
1001 397 1074 449 bat
1107 397 1118 436 i
1151 394 1290 435 hoede
1317 399 1393 434 out
1428 406 1473 432 er
1502 392 1555 445 ]9e
1585 389 1745 443 ufigit’.

214 466 462 506 Muliercula
481 478 583 506 vero
603 471 817 518 superstes
839 470 990 517 postea
1010 464 1126 504 venit
1146 464 1200 504 ad
1224 476 1306 513 me,
1329 474 1427 502 cum
1458 468 1599 500 essem
1630 458 1744 512 apud

215 533 477 575 Caritothele
509 533 696 587 quadam
729 533 835 582 vice,
869 539 911 572 et
944 533 1129 573 narravit
1161 538 1300 572 totum
1337 530 1450 570 hunc
1483 540 1745 582 processum,

213 608 254 642 et
289 603 471 656 quesivit
505 617 530 643 a
567 615 636 642 me
668 601 983 654 expositionem
1017 601 1133 642 verbi
1169 600 1405 641 memorati.
1468 598 1566 651 Ego
1599 603 1743 637 autem

212 672 374 724 quesivi
404 673 460 713 ab
487 685 536 712 ea
562 673 596 712 si
625 684 745 711 soror
771 660 860 711 eius
888 677 1168 711 consueverat
1196 671 1316 710 exire
1343 669 1398 708 de
1426 666 1602 708 ecclesia
1627 672 1744 706 ante-

209 753 339 793 quam
362 741 491 781 missa
511 740 821 780 terminaretur.
883 738 979 792 Que
1001 738 1112 778 dixit
1141 738 1255 791 quod
1284 739 1353 786 sic,
1382 738 1482 790 quia
1512 735 1626 776 enim
1658 747 1744 774 non

209 808 358 849 habuit
379 808 564 863 aliquem
586 822 664 849 nec
685 809 873 862 aliquam
902 809 973 862 qui
1007 809 1132 848 sciret
1164 807 1219 847 de
1250 807 1437 859 negociis
1470 806 1554 845 suis
1589 816 1744 845 curare.

211 877 315 917 Ideo
336 885 436 931 post
457 878 745 919 elevacionem
766 877 933 917 solebat
954 877 1132 917 domurn
1166 875 1342 929 regredi,
1365 882 1413 916 ut
1432 874 1600 915 videret
1630 873 1743 926 quod

207 946 337 986 nichil
371 947 425 987 de
457 947 579 987 bonis
612 947 697 986 suis
725 946 940 998 deperiret
970 946 1012 985 in
1040 945 1174 986 domo
1202 958 1290 986 sua.
1354 944 1453 996 Ego
1486 949 1627 983 autem
1661 942 1744 981 hoc

207 1016 382 1056 audiens
403 1017 584 1069 exposui
605 1015 685 1056 sibi
707 1015 821 1068 quod
844 1015 1061 1068 querebat,
1085 1015 1230 1055 dicens
1258 1014 1297 1054 ei
1316 1029 1323 1053 :
1357 1012 1486 1066 Quod
1513 1011 1744 1052 Christiani

207 1084 366 1125 debent
387 1091 615 1138 expectare
635 1086 678 1125 in
704 1085 881 1125 ecclesia
911 1098 1045 1137 usque
1074 1085 1130 1124 ad
1163 1083 1293 1124 finem
1317 1082 1455 1131 misse,
1476 1081 1578 1134 quia
1600 1081 1641 1119 in
1665 1080 1745 1120 fine

207 1154 402 1194 sacerdos
423 1154 597 1207 suscipit
619 1167 774 1207 corpus
802 1161 845 1194 et
873 1154 1126 1207 sanguinem
1151 1152 1309 1194 Christi
1331 1164 1409 1205 pro
1430 1156 1522 1191 tota
1542 1148 1745 1203 parochia

204 1224 440 1272 assistente,
470 1229 676 1275 tanquam
704 1236 751 1263 os
779 1224 972 1263 omnium
1002 1222 1299 1263 assistencium
1315 1235 1324 1271 3
1353 1220 1466 1260 unde
1493 1232 1645 1259 ornnes
1674 1218 1745 1257 de—

207 1292 313 1332 bent
352 1292 505 1332 horam
547 1292 664 1332 illam
706 1298 950 1345 expectare,
991 1293 1095 1332 certi
1130 1291 1245 1344 quod
1282 1291 1440 1330 virtute
1474 1288 1741 1336 sacramenti,

205 1361 320 1413 quod
361 1361 421 1401 sic
460 1362 659 1401 sacerdos
699 1360 828 1401 sumit
870 1374 948 1414 pro
990 1360 1203 1410 omnibus,
1242 1372 1396 1400 omnes
1436 1359 1507 1411 qui
1549 1356 1591 1397 in
1628 1357 1743 1397 bona

204 1429 425 1470 voluntate
464 1436 508 1470 et
548 1430 785 1470 devocione
826 1436 1045 1483 presentes
1092 1436 1201 1480 sunt,
1243 1427 1432 1480 aliquam
1478 1425 1741 1479 spiritualem

202 1498 486 1539 refeccionem
518 1499 561 1538 in
593 1498 818 1539 animabus
851 1498 936 1538 suis
969 1498 1216 1551 suscipiunt.
1281 1497 1387 1537 Dixi
1419 1509 1548 1548 ergo:
1585 1493 1742 1535 ‘Unde

202 1568 319 1621 quod
340 1581 460 1608 soror
481 1573 555 1608 tua
575 1573 676 1607 ante
698 1567 826 1607 finem
849 1568 985 1616 misse,
1009 1566 1184 1620 quando
1206 1566 1407 1607 sacerdos
1436 1579 1516 1618 pro
1543 1564 1742 1605 omnibus

202 1636 346 1677 cibum
387 1636 505 1677 illum
547 1638 721 1689 suscipit
761 1637 1003 1686 salutarem,
1047 1637 1232 1686 recessit,
1276 1636 1434 1675 idcirco
1478 1647 1588 1688 pena
1633 1633 1743 1686 ignis

205 1711 445 1746 memorata
470 1707 615 1759 punita
636 1705 751 1747 fuit-³.

290 1774 382 1827 (63)
415 1774 488 1814 Ad
521 1774 636 1814 idem
667 1780 810 1814 autem
845 1775 1049 1827 reperitur
1070 1773 1321 1826 exemplum
1345 1771 1531 1813 notabile
1552 1770 1743 1811 secundo
1756 1775 1862 1824 Greg.

204 1843 486 1896 Dialogorum
518 1844 588 1884 ubi
617 1843 675 1883 sic
706 1843 911 1896 scriptum
940 1849 1018 1883 est.
1099 1843 1147 1882 In
1179 1855 1264 1882 uno
1293 1847 1438 1882 autem
1467 1854 1524 1881 ex
1555 1839 1740 1879 hiisdem
1755 1819 1858 1894 &ab
1878 1819 1924 1859 11,

203 1913 472 1953 monasteriis
503 1925 586 1965 que
617 1913 945 1965 circumquaque
977 1912 1263 1960 obstruxerat,
1295 1909 1377 1951 scil.
1402 1917 1571 1951 sanctus
1605 1909 1740 1949 Bene-

201 1980 353 2030 dictus,
393 1981 570 2034 quidam
610 1981 843 2022 monachus
882 1987 973 2021 erat
1012 1981 1085 2034 qui
1126 1981 1180 2020 ad
1222 1981 1460 2020 orationem
1501 1984 1614 2019 stare
1653 1990 1740 2017 non

200 2056 377 2103 poterat,
399 2051 473 2092 sed
495 2064 600 2091 mox
622 2056 668 2091 ut
702 2065 746 2091 se
767 2051 918 2091 fratres
940 2050 995 2090 ad
1017 2050 1206 2091 studium
1232 2050 1436 2090 orationis
1459 2048 1744 2095 inclinassent,

201 2120 290 2172 ipse
341 2119 639 2173 egrediebatur
690 2119 808 2169 foras,
860 2125 903 2160 et
954 2125 1100 2160 mente
1149 2131 1260 2172 vaga
1308 2124 1478 2158 terrena
1517 2117 1658 2170 aliqua
1700 2122 1742 2156 et

200 2188 442 2229 transitoria
481 2189 646 2242 agebat.
728 2189 925 2242 Cumque
976 2189 1031 2229 ab
1071 2189 1227 2230 abbate
1276 2202 1353 2229 suo
1403 2189 1542 2240 sepius
1593 2186 1741 2226 fuisset

199 2257 455 2306 admonitus,
477 2258 530 2297 ad
553 2258 691 2298 virum
723 2258 822 2311 [fol.
843 2259 946 2312 46cz]
971 2259 1055 2298 Dei
1086 2259 1243 2298 ductus
1265 2264 1340 2306 est,
1363 2256 1436 2310 qui
1458 2256 1551 2309 ipse
1573 2260 1741 2309 quoq'ue

202 2326 292 2367 eius
341 2327 571 2367 stulticiam
622 2327 897 2368 vehementer
936 2328 1183 2381 increpavit,
1231 2333 1273 2368 et
1322 2327 1378 2366 ad
1431 2325 1740 2366 monasterium

201 2409 406 2444 reversuS,
447 2397 521 2436 vix
560 2397 725 2437 duobus
765 2397 914 2438 diebus
953 2397 1032 2437 viri
1086 2397 1169 2437 Dei
1211 2395 1556 2436 admonicionem
1592 2393 1740 2435 tenuit.

202 2465 316 2505 Nam
349 2464 478 2505 tercia
510 2465 581 2505 die
616 2466 671 2506 ad
713 2466 930 2519 proprium
968 2479 1091 2506 usum
1127 2478 1331 2514 reversus,
1367 2465 1511 2516 vagari
1546 2469 1740 2516 tempore

200 2535 313 2587 cepit
345 2534 564 2575 oracionis.
628 2534 757 2588 Quod
789 2548 887 2576 cum
921 2549 1042 2576 servo
1076 2535 1158 2575 Dei
1189 2535 1243 2575 ab
1275 2534 1467 2574 eiusdem
1490 2532 1741 2573 monasterii

201 2608 321 2656 patre
352 2615 480 2655 quem
513 2604 789 2644 constituerat
821 2605 1072 2644 nunciatum
1106 2603 1263 2653 fuisset,
1288 2602 1423 2643 dixit:
1458 2601 1581 2655 ‘Ego
1602 2603 1741 2649 venio,

202 2685 385 2724 eumque
417 2684 493 2724 per
524 2684 593 2711 me
619 2673 802 2713 emendo
815 2671 834 2715 '.
889 2672 1083 2726 Cumque
1104 2673 1167 2713 vir
1201 2672 1284 2713 Dei
1306 2672 1490 2711 venisset
1522 2671 1564 2710 in
1585 2671 1738 2711 eodem

201 2740 471 2788 monasterio,
500 2745 544 2780 et
574 2741 805 2782 constituta
837 2742 943 2782 hora
977 2741 1217 2795 psalmodia
1250 2741 1433 2794 expleta,
1460 2753 1552 2780 sese
1585 2739 1739 2780 fratres

200 2811 241 2850 in
277 2810 515 2849 orationem
547 2809 775 2859 dedissent,
808 2810 979 2863 aspexit
1010 2811 1125 2863 quod
1154 2810 1339 2850 eundem
1373 2809 1637 2858 monachum,
1667 2809 1738 2862 qui

202 2891 372 2918 manere
407 2879 449 2918 in
486 2880 676 2920 oratione
713 2893 797 2920 non
840 2886 1019 2933 poterat,
1056 2881 1229 2933 quidam
1271 2881 1392 2933 niger
1426 2879 1625 2932 puerulus
1665 2893 1741 2932 per
