2052 3278
618 222 703 262 DE
738 209 1093 265 MIRACULIS
1126 224 1294 264 RVM.
1666 236 1716 277 23

275 341 361 392 (39)
397 338 519 378 Nunc
549 344 695 378 autem
724 339 824 391 quia
846 339 898 379 de
918 339 1212 393 assumpcione
1242 339 1425 393 gloriose
1457 341 1604 380 matris
1637 340 1720 380 Dei
1736 346 1774 375 In
1853 389 1858 394 ⁸
1884 389 1889 394 ῃ

186 408 348 447 mentio
370 406 571 447 melliflua
601 406 713 447 facta
742 414 816 457 est,
838 408 892 447 de
916 415 1110 460 tempore
1134 408 1445 461 assumpcionis
1476 422 1550 448 sue
1571 409 1605 448 si
1627 408 1721 462 quis
1735 389 1910 463 ξῑξξὲἓζὲῗ

184 483 345 529 querat,
375 475 656 529 respondetur
685 476 723 516 ei
754 477 796 515 in
828 475 939 516 hunc
971 476 1074 529 [sol.
1103 489 1124 529 3
1134 478 1203 531 ga]
1226 477 1416 518 modum.
1473 468 1658 532 *Legitur
1679 478 1720 517 in

186 546 364 585 cronicis
396 543 594 585 brevibus
627 545 740 597 quod
773 558 885 585 anno
914 545 1002 585 vite
1036 560 1109 586 sue
1146 548 1418 600 sexagesimo
1454 547 1589 596 tertio,
1627 553 1724 600 post

188 615 434 667 passionem
477 614 653 654 Domini
697 620 831 666 sexto
862 614 1042 663 decimo,
1075 616 1138 655 X0
1175 617 1362 669 septimo
1402 616 1483 657 kal.
1526 615 1723 669 Septem-

188 682 286 733 bris,
330 685 507 724 moritur
548 689 684 723 mater
724 684 837 724 Vite.
913 683 1024 723 Item
1066 685 1109 724 in
1145 684 1324 725 cronicis
1359 684 1580 726 brevibus:
1623 685 1723 725 Fuit

188 758 330 792 autem
372 752 557 806 gloriosa
598 752 737 806 Virgo
777 752 819 791 in
859 751 938 792 hac
975 753 1145 793 mortali
1181 754 1268 793 vita
1302 755 1529 806 sexaginta
1565 755 1723 803 tribus;

188 828 367 875 quatuor
408 821 515 861 Xcem
553 822 667 861 enim
708 834 843 861 annos
883 821 1035 861 habuit
1074 827 1306 874 antequam
1350 822 1543 864 Christus
1583 837 1639 863 ex
1681 836 1724 863 se

186 897 313 930 natus
349 896 424 939 est,
460 897 503 931 et
541 900 591 943 33
626 891 748 929 annis
783 890 892 930 vixit
927 903 1024 930 cum
1062 904 1124 939 eo,
1156 897 1200 931 et
1233 897 1329 944 post
1362 892 1601 944 passionem
1635 893 1724 932 eius

186 959 422 1001 sexdecim.

678 1069 764 1126 [De
785 1071 1008 1112 miraculis
1028 1072 1077 1115 B.
1096 1073 1235 1126 V.M.]

179 1211 182 1214 ⁴
278 1162 522 1203 Invenimus
562 1162 605 1202 in
649 1163 838 1215 quodam
891 1162 1034 1203 libello
1085 1164 1242 1217 scripta
1291 1165 1477 1218 quedam
1521 1165 1725 1206 miracula
1739 1169 1814 1218 ΜΡ·
1833 1167 1894 1217 de,

183 1231 364 1285 gloriose
402 1231 486 1272 Dei
521 1231 748 1285 genetricis
784 1232 933 1281 Marie,
969 1233 1156 1285 quedam
1195 1233 1303 1283 dico,
1337 1235 1438 1287 quia
1474 1234 1596 1275 multi
1631 1234 1724 1274 libri
1740 1212 1914 1286 gizaffihs

187 1301 241 1341 de
278 1300 488 1341 miraculis
524 1300 733 1341 scribendi
770 1307 914 1341 essent
947 1301 982 1341 si
1018 1302 1162 1342 omnia
1193 1301 1490 1352 scriberentur,
1523 1303 1622 1357 quia
1653 1317 1729 1356 per

186 1382 284 1410 eam
318 1369 510 1411 Christus
546 1369 668 1410 Deus
700 1375 845 1410 noster
876 1369 1126 1411 benedictus
1159 1370 1319 1412 fructus
1351 1373 1511 1412 ventris
1543 1371 1653 1413 illius
1686 1373 1727 1413 in

188 1438 271 1480 hoc
302 1439 463 1480 mundo
493 1439 658 1492 operari
690 1439 892 1491 dignatus
913 1445 988 1481 est.
1054 1439 1126 1480 Ex
1156 1440 1238 1481 hiis
1263 1440 1392 1493 igitur
1414 1441 1625 1482 miraculis
1646 1456 1730 1496 que

189 1508 233 1548 in
255 1508 396 1549 libello
415 1508 598 1562 legimus
619 1514 858 1548 memorato
880 1522 958 1549 sex
979 1508 1217 1562 subscripta
1237 1510 1293 1549 ad
1315 1523 1487 1563 presens
1507 1517 1730 1551 occurrunt

190 1590 372 1631 quorum
392 1577 578 1630 primum
597 1577 679 1618 hoc
700 1583 776 1618 est.

279 1648 366 1697 (40)
402 1645 592 1699 Quidam
626 1646 800 1687 clericus
832 1653 924 1687 erat
954 1648 997 1687 in
1031 1647 1134 1688 urbe
1167 1646 1501 1689 Carnotencium
1534 1649 1606 1702 qui
1639 1656 1728 1690 erat

189 1716 294 1756 levis
317 1715 503 1756 moribus
524 1722 567 1756 et
588 1715 719 1756 seculi
734 1716 858 1756 curiis
879 1716 1061 1765 deditus,
1081 1717 1319 1758 carnalibus
1347 1717 1480 1758 eciam
1510 1717 1728 1759 desideriis

187 1784 301 1825 ultra
324 1785 501 1825 modum
523 1785 760 1826 subiectus:
790 1784 859 1825 hic
879 1792 1024 1826 tamen
1046 1792 1238 1827 sanctam
1258 1786 1354 1826 Filii
1377 1787 1462 1827 Dei
1479 1787 1726 1841 genitricem

187 1855 317 1894 nimis
335 1854 378 1894 in
401 1854 607 1895 memoria
628 1854 817 1895 habebat
837 1860 879 1895 et
899 1868 996 1895 eam
1018 1855 1241 1908 sepissime
1262 1855 1518 1897 salutacione
1537 1856 1728 1910 angelica

186 1923 406 1965 salutabat.
469 1923 556 1977 Qui
592 1924 695 1964 dum
734 1930 782 1964 ut
823 1924 956 1964 fertur
996 1924 1052 1964 ab
1092 1924 1277 1965 inimicis
1316 1931 1565 1978 peremptus
1603 1931 1726 1975 esset,

185 1994 367 2034 scientes
391 2006 489 2034 eum
518 1993 619 2034 satis
645 1993 923 2048 irreligiosam
944 1994 1079 2035 vitam
1110 1992 1288 2035 duxisse
1320 1994 1597 2035 decreverunt
1627 2008 1726 2035 eum

185 2067 310 2102 extra
328 2061 586 2103 cimiterium
615 2062 781 2116 sepeliri
813 2062 982 2105 debere.
1048 2063 1177 2117 Quod
1208 2064 1267 2103 ita
1297 2062 1486 2104 fecerunt
1517 2070 1726 2117 extraque

185 2133 353 2181 atrium,
374 2138 422 2173 ut
441 2132 574 2173 talem
595 2132 775 2174 decebat
802 2134 953 2182 virum,
985 2132 1252 2186 sepelierunt.
1315 2133 1375 2173 Et
1405 2134 1509 2173 dum
1540 2133 1622 2173 illic
1653 2147 1728 2186 per

185 2201 278 2241 dies
317 2201 493 2255 triginta
532 2202 746 2252 iacuisset,
789 2208 937 2243 sancta
972 2203 1111 2256 Virgo
1151 2203 1365 2256 virginum
1407 2202 1515 2242 illius
1556 2202 1728 2243 miserta

186 2270 384 2324 apparuit
414 2271 583 2311 cuidam
615 2270 780 2321 clerico,
810 2271 954 2312 dicens
985 2271 1023 2312 ei
1054 2271 1178 2313 talia:
1219 2271 1329 2313 ‘Cur
1359 2273 1417 2312 ita
1447 2272 1594 2325 egistis
1625 2285 1725 2325 erga

188 2351 334 2379 meum
350 2339 647 2380 cancellarium
663 2346 710 2381 ut
726 2341 938 2393 poneretis
960 2354 1059 2381 eum
1081 2340 1184 2393 [sol.
1210 2340 1307 2394 35b]
1328 2346 1453 2381 extra
1474 2340 1725 2381 cimiterium

186 2408 433 2448 nostrum?'
495 2408 574 2450 Cui
615 2410 893 2462 interroganti
934 2411 1134 2462 quisnam
1175 2414 1287 2450 esset
1328 2408 1397 2450 ille
1436 2410 1722 2459 cancellarius,

187 2483 335 2517 sancta
367 2477 527 2530 inquit:
560 2476 672 2526 ‘Ille‚
703 2479 775 2531 qui
806 2484 908 2519 ante
939 2478 1029 2518 dies
1063 2490 1117 2530 30
1147 2493 1173 2518 a
1203 2478 1324 2519 vobis
1343 2484 1408 2519 est
1428 2484 1551 2519 extra
1571 2479 1726 2519 atrium

186 2545 431 2595 tumulatus,
452 2545 557 2587 mihi
589 2546 863 2588 devotissime
893 2547 1106 2588 serviebat
1137 2554 1181 2588 et
1209 2560 1351 2588 coram
1383 2560 1480 2588 meo
1509 2546 1630 2587 altari
1659 2561 1727 2588 me

186 2615 411 2668 sepissime
432 2614 654 2657 salutabat.
715 2616 858 2657 Cicius
877 2630 980 2670 ergo
1002 2618 1060 2657 ite
1079 2622 1122 2658 et
1142 2630 1294 2670 corpus
1316 2615 1404 2656 eius
1430 2616 1485 2656 de
1514 2616 1726 2657 indecenti

187 2683 283 2725 loco
313 2683 552 2725 auferentes
588 2686 631 2725 in
666 2685 776 2725 atrio
807 2685 975 2740 ponite.’
1053 2686 1152 2726 Hoc
1182 2687 1286 2726 dum
1318 2684 1386 2725 ille
1415 2686 1577 2726 cunctis
1611 2699 1729 2726 enar-

188 2760 333 2803 rasset,
352 2754 633 2794 vehementer
653 2754 852 2795 admirati
874 2754 1087 2796 tumulum
1104 2755 1197 2795 eius
1218 2761 1507 2808 apperuerunt
1522 2761 1564 2795 et
1579 2754 1728 2796 florem

189 2822 524 2875 pulcherrimum
548 2823 589 2862 in
610 2837 685 2863 ore
705 2823 835 2876 ipsius
857 2823 1124 2874 invenerunt,
1143 2829 1186 2864 et
1202 2823 1392 2877 linguam
1410 2824 1499 2863 eius
1515 2823 1726 2878 integram

183 2896 230 2931 et
253 2904 402 2932 sanam
426 2892 548 2944 quasi
569 2892 624 2932 ad
647 2891 906 2933 laudandam
930 2893 1156 2945 Virginem
1186 2899 1381 2946 paratam
1416 2891 1728 2942 intellexerunt,
