2052 3278
594 185 679 226 DE
714 184 1009 226 CORPORE
1043 181 1298 225 CHRISTI
1694 190 1717 231 7

185 303 419 356 plaudente
450 302 610 355 pariter
640 307 684 340 et
718 300 920 340 fervente.
984 299 1042 339 Et
1074 312 1171 338 cum
1203 299 1361 338 devote
1397 296 1645 337 accederem
1678 300 1722 334 et

183 372 375 412 viderem
405 371 743 423 diligenciusque
772 374 926 408 cuncta
957 367 1214 421 inquirerem
1248 372 1378 419 atque
1408 370 1618 413 notarem,
1650 362 1724 416 qui

186 447 317 480 antea
339 442 382 480 in
405 441 485 480 hoc
506 438 688 479 articulo
704 437 850 477 firmus
866 437 1128 486 exstiteram,
1153 436 1324 477 oculate
1346 434 1444 475 fidei
1466 432 1724 474 certitudine

187 508 351 549 firmior
371 509 544 562 quidem
566 512 698 559 atque
714 504 882 546 fidelior
901 504 1077 545 effectus
1098 517 1205 546 sum.
1270 503 1473 555 Explicit.

276 578 362 627 (ΙΙ)
396 575 529 617 Aliud
561 588 733 628 quoque
764 573 1014 626 exemplum
1046 573 1208 614 ibidem
1239 574 1446 625 scriptum
1477 575 1543 611 est
1572 569 1722 609 admo—
1737 575 1836 624 QE„
1856 576 1883 614 Ι,

186 646 290 686 dum
315 644 508 686 notabile
529 645 572 684 in
594 644 672 684 hec
694 642 834 683 verba.-
897 641 1161 694 Exemplum
1194 642 1249 682 de
1278 641 1490 681 Mauricio
1517 618 1825 692 episcopo¹x(p'
1847 619 1912 660 32)-

187 714 417 755 Parisiensi
447 714 515 753 hic
546 725 788 766 proponere
818 711 998 763 dignum
1031 710 1148 750 duxi.
1210 709 1289 750 Cui
1317 722 1413 749 cum
1444 709 1486 747 in
1513 706 1724 747 extremis

186 788 347 836 ageret,
377 783 572 823 canonici
605 782 659 822 de
691 780 856 822 Sancto
886 778 1079 829 Victore,
1116 778 1188 820 ubi
1222 792 1377 831 corpus
1410 778 1499 817 eius
1534 776 1724 828 quiescit,

187 865 265 906 pro
295 865 474 904 corpore
505 850 734 898 dominico,
765 849 881 901 quod
913 847 1190 888 desiderabat
1220 848 1319 899 quia
1351 846 1485 886 tercio
1521 845 1592 884 die
1624 850 1725 884 ante

187 920 288 960 illud
316 924 549 973 acceperat,
575 919 767 959 hostiam
794 930 1071 958 communem
1098 916 1367 969 optulissent,
1396 928 1422 955 a
1447 915 1577 954 thoro
1605 926 1650 953 se
1683 913 1725 952 in

186 990 422 1029 sessionem
458 989 639 1041 erigens,
674 1000 771 1027 cum
809 986 926 1027 illam
963 986 1246 1039 respexisset:
1281 984 1430 1032 ‘Vere,
1468 982 1618 1034 inquit,
1654 982 1727 1021 de-

186 1057 348 1097 lusores
367 1058 472 1103 estis
497 1070 577 1096 nec
601 1057 712 1096 tales
733 1070 811 1096 vos
836 1069 930 1096 esse
954 1054 1195 1111 credebam.
1258 1053 1361 1093 Non
1383 1053 1467 1092 hoc
1488 1051 1563 1091 sed
1587 1051 1725 1104 ipsam

185 1126 452 1178 presenciam
481 1124 661 1165 Domini
692 1126 777 1165 mei
810 1125 905 1164 Iesu
938 1124 1098 1166 Christi
1131 1128 1243 1176 peto.
1304 1121 1424 1163 Volo
1455 1120 1571 1161 enim
1607 1119 1725 1172 quod

187 1194 386 1235 Christus
416 1195 520 1235 assit
552 1195 594 1234 in
627 1195 802 1248 propria
839 1192 1047 1247 persona.'
1109 1192 1208 1245 Quo
1243 1192 1362 1232 dicto
1402 1189 1631 1243 stupefacti
1667 1187 1725 1228 illi

184 1269 228 1303 et
256 1264 476 1303 conterriti
507 1261 699 1303 hostiam
729 1268 1028 1303 consecratam
1060 1263 1099 1302 ei
1131 1261 1389 1302 detulerunt.
1451 1258 1597 1312 Quam
1627 1270 1724 1298 cum

184 1332 266 1374 sibi
306 1332 529 1373 oblatam1
568 1333 813 1381 intueretur,
854 1346 900 1372 se
939 1333 1089 1372 statim
1130 1346 1155 1371 a
1195 1336 1332 1371 strato
1370 1330 1557 1370 deiciens
1597 1333 1640 1368 et
1680 1327 1724 1367 in

184 1401 354 1443 cubitos
376 1416 426 1442 ac
447 1414 589 1455 genua
610 1415 655 1441 se
675 1408 980 1454 prosternens:
1013 1405 1021 1421 ‘
1037 1401 1138 1441 Hoc
1160 1406 1236 1449 est,
1260 1400 1419 1452 inquid,
1443 1397 1553 1438 hoc2
1576 1410 1724 1437 revera

185 1476 252 1510 est
288 1471 404 1523 quod
440 1470 666 1520 desidero;
699 1471 782 1511 hoc
815 1476 892 1520 est,
928 1470 1087 1523 inquid,
1119 1469 1234 1523 quod
1271 1481 1443 1520 semper
1478 1466 1725 1519 concupivit

186 1540 333 1579 anima
361 1552 457 1579 mea
471 1538 492 1581 '.
555 1539 614 1579 Et
640 1540 699 1579 sic
724 1539 826 1579 illud
852 1539 1135 1579 devotissime
1161 1537 1428 1591 amplectens
1450 1542 1495 1576 et
1516 1535 1726 1584 osculans,

185 1609 396 1661 quoniam
427 1621 484 1648 ex
516 1609 653 1648 nimia
684 1608 910 1649 debilitate
937 1621 1108 1648 sumere
1136 1621 1225 1648 non
1254 1611 1439 1660 poterat,
1467 1605 1623 1645 eodem
1654 1603 1726 1644 die

185 1678 396 1730 requievit
428 1678 470 1717 in
494 1677 888 1726 Domino.‡—Haut
916 1677 1093 1718 dubium
1120 1676 1252 1730 quin3
1277 1690 1330 1716 eo
1357 1675 1518 1715 fruatur
1543 1673 1725 1713 dulciter

185 1746 227 1785 in
255 1746 406 1800 patria,
435 1746 478 1786 in
507 1759 636 1799 quem
665 1752 757 1787 tam
786 1746 963 1787 firmiter
989 1746 1183 1795 credidit,
1213 1758 1342 1798 quem
1369 1750 1413 1784 et
1441 1749 1565 1783 tanta
1594 1742 1724 1782 devo-

183 1816 309 1855 cione
342 1814 497 1855 dilexit
525 1821 569 1855 et
599 1815 860 1856 desideravit
888 1817 932 1855 in
963 1815 1043 1856 via.
1107 1815 1194 1856 Hic
1224 1820 1291 1855 est
1319 1813 1436 1855 cibus
1465 1825 1593 1866 quem
1622 1817 1724 1851 tunc

183 1883 312 1924 avide
340 1883 615 1933 desideravit,
644 1884 744 1924 inde
771 1885 903 1925 modo
936 1884 1096 1937 absque
1125 1883 1254 1924 dubio
1286 1882 1471 1923 reficitur
1500 1894 1634 1934 usque
1667 1880 1722 1920 ad

182 1953 470 1993 saturitatem.
531 1951 648 1993 Sane
687 1953 812 1995 nobis
853 1953 1027 2006 reliquit
1067 1952 1318 2006 exemplum
1358 1950 1636 1999 certitudinis,
1678 1955 1725 1989 ut

183 2021 363 2062 firmiter
398 2022 624 2062 credamus
657 2022 776 2075 quod
813 2023 871 2064 ibi
903 2037 1003 2063 vere
1041 2022 1210 2076 Corpus
1253 2021 1414 2063 Christi
1453 2025 1545 2060 est:
1589 2019 1724 2059 immo

183 2091 299 2143 quod
332 2104 434 2131 vere
468 2097 586 2132 totus
619 2090 814 2132 Christus
843 2098 911 2132 est
944 2092 1064 2132 Deus
1092 2098 1135 2132 et
1160 2092 1292 2132 homo
1319 2090 1390 2143 qui
1417 2095 1546 2129 natus
1574 2094 1640 2128 est
1665 2101 1722 2128 ex

185 2159 327 2199 Maria
360 2159 555 2213 Virgine,
590 2174 740 2213 passus
772 2160 852 2201 sub
885 2161 1046 2201 Pontio
1078 2161 1230 2201 Pilato.
1293 2159 1559 2211 Exemplum
1589 2158 1722 2197 etiam

182 2229 433 2269 devocionis
454 2235 498 2269 et
515 2231 689 2279 amoris,
712 2236 759 2270 ut
780 2230 964 2270 multum
981 2229 1082 2284 [sol.
1106 2228 1208 2283 25⁶2]
1229 2228 1459 2282 diligamus
1482 2227 1554 2279 qui
1575 2232 1619 2266 et
1641 2239 1722 2265 nos

183 2299 226 2338 in
258 2303 432 2338 tantum
463 2297 604 2351 diligit
631 2305 679 2339 ut
704 2313 750 2339 se
778 2300 920 2353 ipsum
951 2299 1077 2340 nobis
1108 2300 1152 2339 in
1173 2298 1314 2339 cibum
1342 2303 1386 2337 et
1408 2296 1722 2337 nutrimentum

182 2367 425 2407 animarum
456 2373 705 2408 nostrarum
735 2381 960 2422 exponere
990 2368 1251 2422 dignaretur.

273 2436 363 2488 (12)
405 2435 533 2476 Nunc
573 2443 720 2478 autem
756 2438 961 2491 exempla
998 2438 1184 2491 quedam
1219 2435 1441 2477 horribilia
1476 2433 1602 2474 valde
1639 2433 1720 2473 hiis

181 2505 369 2545 adnecto
383 2505 399 2527 4
419 2518 503 2557 que
524 2511 568 2545 et
589 2506 745 2547 eodem
763 2506 869 2548 libro
890 2507 1049 2560 scripta
1066 2512 1165 2547 sunt
1183 2507 1223 2547 in
1241 2505 1319 2545 hec
1335 2503 1475 2545 verba.
1528 2503 1720 2542 Primum

182 2580 248 2614 est
268 2574 362 2614 hoc.
415 2573 673 2615 Notandum
694 2575 764 2616 hic
783 2577 915 2616 etiam
934 2582 1055 2616 tante
1071 2575 1298 2629 dignitatis
1316 2574 1594 2615 eukaristiam
1611 2584 1718 2622 esse,
1735 2584 1832 2621 G.E.‚
1852 2585 1879 2623 1,

183 2643 298 2695 quod
327 2643 383 2684 ab
411 2643 600 2695 indignis
628 2643 691 2696 [et
719 2645 938 2698 precipue]
964 2644 1190 2685 incredulis
1218 2644 1470 2697 plerumque
1497 2643 1608 2682 sumi
1632 2655 1720 2682 non
1733 2627 1765 2657 ‘³³‘
1780 2632 1823 2669 (p.
1842 2629 1910 2670 33)-

183 2713 332 2765 possit.
394 2711 599 2752 Vidimus
633 2714 750 2754 enim
788 2715 831 2754 in
868 2714 972 2755 urbe
1008 2714 1240 2754 Parisiensi
1275 2712 1440 2753 virum5
1471 2712 1526 2751 de
1559 2710 1720 2763 Anglia

181 2780 410 2821 oriundum
452 2780 694 2822 liberalibus
737 2782 899 2823 artibus
940 2782 1108 2823 affatim
1149 2781 1376 2830 eruditum,
1411 2780 1481 2833 qui
1518 2780 1720 2832 magister

265 2869 276 2889 1
288 2869 364 2901 MS.
382 2869 547 2901 ablatum.
636 2870 649 2889 2
660 2871 734 2902 MS.
752 2871 795 2902 lz.
885 2871 897 2890 3
910 2872 984 2903 MS.
1004 2872 1068 2913 qui.
1158 2871 1170 2890 4
1182 2871 1256 2902 MS.
1275 2871 1410 2902 amicto.
1501 2869 1513 2888 ⁵
1526 2869 1600 2900 MS.
1617 2869 1677 2901 vir.
