2052 3278
300 261 328 301 4
735 245 925 286 LIBER
958 242 1412 285 EXEMPLORUM

300 370 486 405 mortem
517 375 644 416 quam
675 375 754 416 pro
779 361 905 402 nobis
934 360 1122 414 pertulit,
1148 359 1367 412 depositus
1391 364 1457 399 est
1488 358 1543 399 de
1576 356 1694 410 ligno
1726 356 1840 397 circa

297 433 449 473 horam
476 445 561 485 qua
591 443 769 483 vespere
802 429 943 469 solent
975 427 1209 469 decantari.
1268 426 1476 468 Canimus
1508 424 1837 478 completorium

296 503 339 542 in
360 501 570 543 honorem
592 499 705 540 illius
726 499 798 552 qui
818 499 929 538 circa
951 497 1082 538 talem
1105 497 1256 538 horam
1273 497 1440 550 positus
1457 501 1523 536 est
1541 495 1583 535 in
1600 493 1835 548 sepulchro,

298 570 504 612 Canimus
527 567 758 609 matutinas
778 566 820 606 in
842 566 1050 606 honorem
1073 565 1187 606 illius
1213 565 1285 618 qui
1312 565 1422 605 circa
1452 564 1641 604 mediam
1666 568 1836 603 noctem

296 639 363 680 vel
383 639 536 679 saltem
559 643 659 678 ante
675 636 833 677 claram
851 634 967 675 diem
985 636 1173 675 surrexit
1189 648 1213 674 a
1231 634 1423 675 mortuis.
1483 634 1564 673 Per
1578 633 1690 672 hanc
1706 633 1837 673 etiam

294 709 410 750 viam
432 704 697 760 intelligendi
719 710 819 745 sunt
840 716 986 744 versus
1009 702 1069 743 illi
1096 701 1252 743 famosi
1271 718 1278 742 ε

618 811 729 843 Prima
747 810 864 852 flagris
880 810 990 842 cedit:
1017 809 1174 841 subducit
1190 809 1294 841 tercia
1315 808 1414 839 morti
1429 817 1435 839 :

618 868 720 898 Sexta
738 866 823 907 tegit
839 866 954 903 solem,
973 865 1033 896 sed
1049 875 1141 896 nona
1159 864 1251 895 videt
1266 864 1467 895 morientem
1482 872 1489 894 τ

617 922 768 961 Vespera
783 919 943 960 deponit;
967 918 1074 949 reddit
1091 918 1259 959 completa
1276 918 1455 958 sepulchro
1469 926 1476 948 2

619 976 658 1006 In
676 974 788 1006 medio
804 974 913 1005 noctis
929 973 1059 1004 devicta
1076 979 1183 1004 morte
1198 971 1353 1012 resurgit.

299 1071 605 1125 Intelligantur
624 1082 771 1110 versus
793 1074 839 1108 ut
860 1067 1155 1120 supradictum
1178 1072 1255 1116 est,
1278 1072 1321 1106 et
1338 1066 1592 1119 opinionum
1609 1065 1836 1106 diversitas

297 1140 593 1194 calumpniam
616 1138 740 1179 nobis
762 1136 918 1177 inferre
939 1149 1027 1176 non
1048 1137 1220 1188 poterit.

84 1232 134 1265 Cf.
156 1232 242 1265 H.S.
382 1210 446 1264 (7)
479 1209 526 1251 Si
544 1209 597 1248 de
613 1208 720 1248 hora
732 1206 1050 1247 resurrectionis
1066 1205 1263 1258 queritur,
1278 1203 1635 1244 certitudinaliter
1649 1202 1836 1244 diffinire

82 1276 117 1350 irl1
136 1276 280 1317 Evang.‚
295 1293 382 1320 non
416 1291 654 1332 possumus.
717 1276 828 1318 Cum
873 1275 1134 1315 Ambrosius
1177 1274 1336 1314 senciat
1369 1273 1488 1327 quod
1522 1273 1666 1313 media
1698 1279 1836 1322 nocte,

81 1329 100 1351 e
114 1330 207 1351 xxxv.
295 1348 565 1402 Augustinus
587 1345 702 1399 quod
732 1344 832 1398 [fol.
859 1355 882 1383 2
889 1343 961 1396 3a]
984 1342 1167 1383 diluculo
1190 1342 1393 1384 Salvator
1414 1342 1663 1392 resurrexit,
1685 1347 1833 1382 tamen

294 1418 474 1458 ecclesia
494 1416 666 1457 videtur
682 1413 892 1455 assentire
908 1413 1037 1453 beato
1055 1412 1316 1465 Augustino,
1333 1425 1417 1464 que
1434 1412 1670 1452 matutinas
1688 1411 1836 1452 laudes

293 1501 374 1541 pro
395 1485 703 1527 resurrectione
726 1482 905 1524 Domini
928 1481 1144 1522 celebrat.l
1218 1480 1335 1522 Sane
1352 1481 1435 1520 hoc
1452 1494 1532 1534 pro
1550 1486 1668 1521 certo
1687 1487 1835 1521 tenere

294 1569 535 1611 possumus,
557 1554 673 1608 quod
695 1559 799 1593 ante
820 1551 979 1592 claram
1002 1552 1142 1591 lucem
1165 1552 1409 1592 resurrexit.

293 1683 515 1737 (Qualiter
539 1681 738 1723 Christus
757 1679 960 1734 apparuit
974 1679 1195 1731 discipulas
1215 1679 1307 1718 szcz's
1321 1685 1422 1731 post
1453 1678 1834 1731 resurrectionem)

379 1773 440 1826 (8)
476 1772 596 1814 Sicut
615 1777 762 1812 autem
787 1770 974 1810 habetur
997 1770 1039 1809 in
1066 1769 1245 1809 historia
1265 1768 1491 1809 scolastica
1514 1768 1713 1808 dominus
1735 1775 1836 1822 post

82 1864 166 1896 H.S.
185 1865 220 1895 in
291 1842 644 1883 resurrectionem
683 1854 715 1879 x
755 1838 921 1879 vicibus
960 1837 1158 1890 apparuit
1200 1837 1431 1890 discipulis,
1476 1837 1707 1890 quinquies
1739 1837 1834 1891 ipsa

79 1908 227 1982 {fang-,2
291 1912 359 1952 die
394 1917 438 1951 et
478 1908 704 1963 quinquies
745 1913 919 1961 postea;
958 1906 1099 1960 primo
1137 1906 1275 1945 Marie
1311 1905 1598 1958 Magdalene;
1643 1907 1833 1947 secundo

78 1962 239 2036 etxssgcvqu„
290 1979 535 2021 mulieribus
556 1977 835 2018 redeuntibus
856 1977 910 2016 de
932 1981 1228 2024 monumento,
1250 1976 1427 2028 quando
1449 1981 1677 2016 tenuerunt
1700 1976 1834 2029 pedes

289 2050 381 2090 eius
403 2055 446 2089 et
468 2049 755 2089 adoraverunt
775 2059 886 2086 eum.
951 2045 1104 2085 Tercio
1126 2044 1267 2092 Petro,
1289 2043 1388 2084 licet
1413 2057 1497 2084 non
1525 2044 1734 2085 habeatur
1760 2045 1833 2085 ubi

288 2126 332 2160 et
358 2133 444 2172 qua
471 2118 578 2158 hora
606 2129 811 2169 expresse
842 2114 896 2154 de
923 2114 1173 2167 ewangelio.
1239 2113 1408 2166 Quarto
1437 2114 1604 2154 duobus
1633 2114 1834 2155 euntibus

289 2189 332 2227 in
357 2187 532 2227 Emaus.
596 2184 766 2237 Quinto
785 2182 1006 2237 apostolis,
1022 2182 1201 2222 absente
1219 2182 1406 2222 Thoma.
1463 2182 1604 2223 Sexto
1620 2189 1721 2236 post
1741 2183 1835 2224 dies

289 2257 360 2310 viij
394 2255 594 2310 apparuit
625 2252 789 2294 eisdem
813 2258 1014 2305 presente
1046 2251 1230 2293 Thoma.
1296 2251 1498 2305 Septimo
1523 2251 1580 2292 vii
1612 2252 1832 2307 discipulis

289 2328 331 2367 in
355 2325 593 2380 piscacione
614 2324 669 2364 ad
692 2336 808 2363 mare
825 2321 1092 2374 Tyberiadis
1148 2320 1264 2361 Viii0
1294 2322 1339 2361 xi
1357 2321 1577 2375 discipulis
1599 2322 1641 2362 in
1666 2322 1833 2364 Galilea

288 2396 330 2436 in
354 2397 508 2436 Monte
531 2392 710 2433 Thabor
742 2391 814 2432 ubi
847 2397 1151 2432 convenerant.
1214 2391 1371 2431 Postea
1400 2392 1441 2430 in
1474 2391 1543 2431 die
1566 2392 1832 2432 ascensionis

289 2466 353 2506 bis
394 2464 605 2519 apparuit.
681 2463 830 2503 Primo
871 2462 918 2501 xi
960 2460 1285 2501 comedentibus
1328 2461 1370 2500 in
1412 2460 1618 2501 cenaculo
1659 2463 1834 2514 quando

289 2532 569 2588 exprobravit
594 2522 941 2572 incredulitatem
967 2538 1057 2579 etc„
1083 2536 1127 2569 et
1152 2531 1345 2583 precepit
1370 2530 1431 2570 eis
1456 2536 1501 2570 ut
1526 2530 1833 2583 egrederentur

288 2603 344 2643 ad
370 2604 569 2643 Montem
592 2600 756 2642 Oliveti
777 2605 820 2639 et
841 2597 988 2639 statim
1016 2598 1239 2651 disparuit.
1302 2598 1415 2639 Ecce
1443 2611 1558 2638 nova
1583 2599 1830 2652 apparicio:

288 2673 436 2713 statim
468 2684 570 2712 vero
596 2676 696 2723 post
727 2670 1039 2709 comestionem
1073 2669 1118 2707 xi
1154 2667 1340 2721 apostoli
1377 2674 1418 2708 et
1455 2667 1524 2708 alii
1561 2668 1755 2721 discipuli
1787 2674 1831 2708 et

288 2742 485 2782 mulieres
520 2745 669 2780 sancte
701 2739 756 2778 de
787 2738 962 2778 civitate
997 2750 1167 2790 egresse
1200 2738 1322 2777 iuxta
1354 2743 1608 2790 preceptum
1647 2737 1826 2791 Domini

286 2815 490 2851 venerunt
514 2810 556 2850 in
587 2809 785 2849 Montem
822 2806 995 2854 Oliveti,
1019 2812 1063 2846 et
1095 2806 1240 2846 statim
1268 2806 1468 2860 apparuit
1492 2807 1563 2855 eis,
1592 2811 1635 2846 et
1664 2806 1828 2846 cunctis

900 2930 911 2949 1
924 2930 998 2962 MS.
1024 2930 1206 2962 celebrant.
