2052 3278
706 255 898 297 LIBER
932 254 1382 296 EXEMPLORUM

284 273 306 301 Ν

312 272 334 300 KQ

368 376 461 428 (38)
494 374 653 414 Adhuc
685 379 825 413 autem
857 371 1105 424 quoddam,1
1138 371 1242 411 mihi
1274 378 1317 411 et
1349 371 1466 411 fratri
1498 371 1672 423 Rogero
1703 369 1819 409 dicto

282 444 428 484 Bacun
461 443 642 483 Parisius
663 441 882 495 quondam
904 439 1080 480 relatum
1103 440 1157 480 de
1177 439 1285 481 festo
1304 439 1615 493 assumpcionis
1637 437 1819 491 gloriose

280 513 480 566 Virginis,
516 525 601 552 non
641 517 705 551 est
745 511 917 550 silencio
959 510 1300 563 pretereundum.
1361 509 1551 562 Quidam
1591 507 1817 561 cirurgicus

277 583 561 635 compatriota
597 594 726 629 meus,
763 581 899 620 immo
934 580 1063 620 etiam
1095 593 1153 619 ex
1183 579 1403 619 nativitate
1438 576 1818 630 comparochianus

279 665 410 702 meus,
437 652 611 691 nomine
642 651 846 703 magister
877 649 1024 689 Petrus
1055 649 1109 689 de
1131 648 1315 697 Ardene,
1346 648 1544 688 omnibus
1572 645 1734 686 clericis
1764 645 1819 685 de

281 719 506 773 Hybernia
526 719 604 759 sibi
626 720 997 772 contemporaneis
1020 719 1122 758 satis
1145 724 1280 767 notus,
1301 724 1496 771 tempore
1517 729 1625 765 me0‚
1642 721 1820 768 accepta

276 803 412 830 uxore
459 789 655 837 Parisius,
698 787 801 828 civis
847 794 937 828 erat
982 787 1239 828 Parisiensis.
1303 787 1389 827 Hic
1436 785 1564 827 michi
1611 791 1653 825 et
1698 784 1818 824 fratri

281 859 454 913 Rogero
486 858 632 899 Bacun
654 857 841 898 narravit
862 857 976 910 quod
1006 857 1182 910 quidam
1206 869 1356 910 magus
1391 856 1629 910 Hyspanus
1659 861 1750 894 erat
1781 854 1818 894 ei

277 927 506 968 familiaris.
573 928 651 970 Cui
673 933 828 967 vocato
849 926 1110 979 aliquociens
1141 925 1196 966 ad
1228 926 1404 966 domum
1435 938 1558 965 suam
1591 925 1818 965 societates

276 1003 320 1038 et
350 998 506 1038 solacia
536 997 676 1038 facere
706 996 934 1037 consuevit.
998 995 1083 1036 Hic
1115 1009 1218 1049 ergo
1250 1009 1413 1049 magus,
1433 994 1580 1035 volens
1612 994 1818 1048 magistro

279 1067 408 1107 Petro
438 1067 574 1107 vicem
607 1066 852 1119 rependere,
884 1065 1010 1106 duxit
1042 1078 1139 1105 eum
1172 1066 1310 1105 noctis
1341 1071 1548 1118 tempore,
1569 1077 1664 1104 cum
1691 1062 1819 1103 sociis

276 1149 382 1188 quos
413 1148 556 1176 secum
587 1148 803 1176 assumere
834 1135 978 1183 voluit,
1005 1141 1131 1174 extra
1161 1134 1393 1185 civitatem,
1413 1140 1456 1174 et
1487 1132 1586 1174 fecit
1616 1132 1817 1173 circulum

275 1204 510 1245 secundum
541 1210 675 1244 artem
707 1216 841 1252 suam,
868 1209 910 1243 et
937 1203 1107 1243 vocavit
1135 1202 1365 1243 demonem
1397 1215 1530 1243 suum.
1593 1201 1678 1255 Qui
1700 1201 1819 1241 veni-

276 1286 352 1313 ens
380 1272 599 1326 respondit
617 1274 677 1312 eis
697 1272 752 1312 ad
773 1272 920 1311 omnia
941 1284 1025 1324 que
1048 1270 1296 1324 querebant.
1359 1270 1472 1313 Sane
1502 1271 1605 1325 [fol.
1631 1270 1728 1324 34b]
1760 1272 1819 1310 ita

276 1342 401 1382 duxit
432 1356 504 1382 eos
535 1355 610 1394 per
631 1341 675 1382 V
694 1347 854 1389 noctes,
886 1354 983 1380 cum
1015 1340 1200 1379 demone
1228 1346 1384 1380 vocato
1414 1340 1592 1393 singulis
1622 1340 1818 1381 noctibus

274 1411 550 1451 consimiliter
570 1410 804 1450 tractando.
866 1408 1030 1462 Quinta
1051 1423 1152 1449 vero
1183 1415 1309 1450 nocte
1328 1410 1474 1462 vigilia
1504 1416 1595 1450 erat
1626 1423 1818 1463 assump-

273 1480 408 1519 cionis
441 1478 568 1520 beate
603 1479 805 1531 Virginis.
866 1479 1059 1520 Vocatus
1095 1492 1197 1532 ergo
1232 1478 1393 1519 demon
1428 1479 1660 1519 secundum
1689 1478 1818 1519 ritum

275 1549 375 1588 artis
407 1549 564 1589 tradite
594 1548 739 1588 venire
769 1548 967 1589 tardavit.
1019 1547 1214 1588 Vocatus
1247 1554 1310 1588 est
1342 1561 1444 1601 ergo
1476 1548 1731 1601 frequenter,
1759 1548 1819 1588 ita

273 1618 404 1658 etiam
438 1623 486 1658 ut
517 1617 724 1671 magister
754 1615 822 1657 ille
853 1616 1104 1670 dyabolicus
1121 1617 1200 1669 (?)2
1232 1631 1333 1671 erga
1367 1617 1602 1670 dyabolum
1637 1616 1818 1657 multum

277 1692 527 1727 moveretur.
589 1687 790 1727 Tandem
826 1686 945 1727 Venit
978 1686 1199 1739 dyabolus,
1235 1687 1384 1740 lugens
1425 1693 1468 1727 et
1508 1687 1739 1741 suspirans,
1775 1693 1819 1727 et

275 1757 465 1796 luctuosa
485 1756 665 1810 suspiria
686 1756 741 1797 de
761 1755 974 1810 profundo
990 1757 1162 1797 trahens
1179 1757 1233 1797 ad
1252 1757 1430 1797 modum
1449 1757 1566 1809 pueri
1581 1756 1793 1798 verberati
1810 1770 1819 1806 ;

273 1831 317 1866 et
352 1825 464 1866 dixit
484 1825 544 1866 eis
576 1825 654 1866 hec
685 1825 839 1868 verba:
874 1826 1057 1866 ‘Mirum
1081 1826 1170 1875 est‚'
1194 1826 1343 1880 inquit,
1365 1825 1444 1866 ‘de
1465 1826 1596 1867 vobis.
1658 1825 1818 1879 Angeli

275 1894 388 1935 enim
429 1895 472 1935 in
513 1895 604 1935 celo
644 1894 806 1935 faciunt
846 1895 1002 1936 festum
1044 1896 1099 1936 de
1141 1896 1282 1936 Maria
1317 1896 1507 1949 Virgine,
1544 1902 1587 1936 et
1619 1909 1694 1936 vos
1729 1909 1816 1936 non

275 1964 456 2017 potestis
477 1965 694 2018 quiescere
715 1965 758 2005 in
780 1970 894 2006 terra
912 1965 941 2005 !'
1002 1964 1244 2006 Audientes
1265 1971 1408 2005 autem
1429 1965 1510 2006 hoc
1541 1964 1817 2014 mirabantur,

274 2033 409 2074 immo
430 2034 571 2082 etiam,
592 2047 669 2074 nec
692 2035 861 2084 mirum,
884 2034 1067 2075 multum
1089 2034 1370 2076 terrebantur.
1428 2034 1487 2074 Et
1509 2034 1623 2075 dixit
1642 2034 1816 2074 demoni

275 2102 414 2142 dictus
436 2102 640 2156 magister
661 2103 810 2143 Petrus
831 2104 972 2152 etiam,
1006 2110 1052 2144 ut
1083 2102 1247 2152 iuravit,
1279 2103 1552 2156 compaciens
1583 2102 1643 2144 ei:
1675 2102 1815 2156 ‘Quid

274 2170 461 2212 habes?'
492 2172 638 2225 inquit.
701 2172 787 2226 Qui
809 2171 921 2213 dixit
941 2172 1004 2214 ei:
1038 2172 1207 2214 ‘Valde
1229 2172 1340 2213 male
1373 2172 1502 2213 michi
1534 2179 1600 2214 est
1612 2173 1632 2215 ¹.
1693 2173 1817 2213 Tunc

274 2254 371 2281 eum
403 2240 655 2281 dimiserunt
676 2247 718 2281 et
739 2242 792 2282 ad
815 2241 1007 2296 hospicia
1038 2256 1113 2283 sua
1143 2244 1320 2296 regressi
1352 2249 1470 2295 sunt..
1525 2241 1719 2296 Explicit
1738 2256 1815 2282 ex-

273 2310 667 2363 emplum—Ecce,
692 2310 929 2362 christiane,
954 2326 1051 2352 cum
1082 2319 1246 2365 quanto
1277 2312 1433 2366 gaudio
1463 2312 1594 2353 debes
1625 2326 1818 2366 assump-

274 2377 435 2419 tionem
464 2379 587 2420 beate
609 2379 800 2433 Virginis
827 2380 1050 2428 celebrare,
1071 2394 1202 2434 quam
1230 2381 1362 2422 etiam
1391 2380 1613 2434 dyabolus,
1633 2381 1817 2436 gloriose

274 2447 463 2502 Virginis
495 2450 701 2499 inimicus,
725 2449 1028 2491 celebrandam
1059 2457 1229 2491 coactus
1259 2456 1325 2491 est
1356 2452 1585 2504 predicare,
1610 2463 1741 2506 quam
1772 2457 1816 2492 et

273 2517 412 2571 angeli
444 2518 659 2559 celebrant
689 2533 785 2559 cum
817 2524 939 2559 tanta
969 2519 1240 2562 iocunditate.
1304 2519 1433 2573 Quod
1456 2534 1556 2562 vero
1577 2521 1689 2561 dixit
1710 2520 1815 2574 dya-

275 2585 396 2627 bolus
431 2586 510 2627 sibi
548 2588 659 2628 male
694 2601 787 2629 esse
817 2588 945 2629 valde
978 2589 1021 2629 in
1055 2588 1125 2629 illa
1159 2590 1340 2630 iocunda
1374 2589 1701 2643 sollempnitate,
1734 2589 1815 2630 hoc

274 2654 427 2696 idcirco
463 2656 553 2704 fuit,
590 2657 698 2697 sicut
730 2658 931 2710 opinatus
965 2663 1031 2698 est
1065 2659 1243 2711 quidam
1278 2658 1343 2698 vir
1378 2672 1560 2712 magnus
1594 2673 1691 2700 cum
1728 2672 1813 2712 quo

274 2737 400 2777 super
427 2724 507 2765 hac
540 2726 717 2766 materia
745 2725 916 2775 contuli,
947 2727 1047 2780 quia
1076 2727 1118 2767 in
1150 2726 1541 2781 sollempnitatibus
1572 2728 1696 2769 beate
1717 2728 1815 2769 Vir-

273 2793 381 2845 ginis
417 2800 460 2834 et
494 2801 738 2835 sanctorum
771 2808 879 2849 pena
914 2809 1060 2836 eorum
1096 2795 1204 2837 solet
1240 2798 1521 2850 augmentari.
1583 2797 1813 2851 Quomodo

271 2875 375 2915 ergo
395 2862 476 2903 hoc
499 2863 582 2913 fiat,
604 2865 812 2905 maiorum
834 2864 991 2905 iudicio
1013 2864 1274 2918 derelinquo.

744 2959 755 2979 1
767 2960 842 2992 Ms.
860 2960 982 3002 q‘dam.
1114 2961 1127 2980 2
1140 2962 1214 2993 MS.
1232 2962 1339 3003 dyac'.
