2052 3278
94 539 192 578 G.E.‚
213 541 238 578 Ι,

92 582 138 613 liv
162 585 205 624 (p.

94 628 180 668 162).

87 1305 172 1337 Ibid.

92 1584 179 1616 Ibid.

104 2568 185 2597 Vita
202 2567 236 2597 S.

105 2610 259 2641 Audoeni

108 2654 215 2695 (ASS.

107 2700 205 2738 Aug„

108 2742 151 2779 iv,
169 2752 202 2782 p.
217 2740 304 2782 813).

313 211 367 261 34
748 213 937 254 LIBER
970 213 1422 257 EXEMPLORUM

309 325 466 376 divina,
489 341 599 381 equo
633 330 674 369 in
707 329 858 369 silvam
887 336 985 382 post
1018 329 1151 371 feram
1184 330 1385 379 admisso,
1407 332 1609 384 quoniam
1636 331 1753 372 locus
1785 331 1854 372 ille

307 396 505 448 spinosus
536 402 613 446 est,
635 398 804 438 oculum
838 398 875 438 ei
910 413 935 439 a
959 398 1116 452 capite,
1150 399 1327 440 terribili
1359 401 1521 440 cunctis
1553 400 1774 454 exemplo,
1807 402 1850 442 in

308 472 560 519 perpetuam
581 468 809 507 temerarie
829 469 1178 521 transgressionis
1199 474 1360 519 notam,
1383 469 1588 510 dextrum
1612 468 1779 512 avulsit.

393 536 546 588 (139a)
577 535 827 577 Secundum
849 536 1010 578 ibidem
1044 539 1086 578 in
1113 538 1191 579 hec
1212 538 1345 579 verba
1365 539 1573 592 scriptum
1596 544 1674 579 est.
1739 539 1849 581 Item

306 604 361 644 de
395 611 547 646 sancto
583 606 820 647 Laurencio
854 613 1018 648 certum
1054 612 1120 648 est
1152 608 1267 661 quod
1302 609 1344 649 in
1383 621 1482 649 suos
1517 614 1853 661 transgressores

304 673 549 726 frequenter
585 675 772 728 graviter
815 676 1158 717 animadvertere
1198 676 1317 718 solet.
1401 678 1449 717 In
1502 677 1696 730 partibus
1748 691 1852 719 sane

302 743 458 783 nostris
479 749 673 796 tempore
694 746 805 798 regis
826 744 1040 799 Stephani
1059 746 1260 787 Demetie
1283 746 1438 787 finibus
1455 746 1612 787 accidit
1634 748 1850 800 quendam

301 811 370 851 die
402 813 537 853 sancti
572 813 798 854 Laurencii
833 828 1018 856 messem
1055 830 1080 856 a
1112 817 1277 869 campis
1308 816 1488 856 domum
1521 829 1643 856 carro
1675 816 1852 858 deferre.

302 881 361 921 Et
381 895 479 922 ecce
500 883 611 937 ignis
641 884 763 937 quasi
784 884 927 925 subito
952 885 1006 925 de
1039 884 1132 926 celo
1153 885 1363 926 demissus
1386 885 1562 926 bladum
1584 890 1724 926 totum
1755 900 1852 927 cum

298 964 418 991 carro
450 954 731 1006 consumpsit.
792 953 933 994 Boves
964 955 1098 995 etiam
1131 968 1298 995 carrum
1334 944 1564 1004 trahenteS,
1600 954 1673 994 alii
1710 955 1851 995 exusti

299 1027 407 1069 sunt,
464 1021 535 1062 alii
590 1036 691 1062 vero
732 1022 1014 1064 discurrentes
1055 1024 1097 1063 in
1150 1037 1266 1064 mare
1307 1025 1596 1077 propinquum
1648 1023 1704 1064 ab
1755 1023 1852 1064 altis

300 1091 473 1144 rupibus
506 1093 625 1144 quasi
659 1091 888 1133 furibunda
918 1092 1210 1133 debacacione
1232 1093 1475 1146 precipitati
1497 1098 1611 1136 sunt.
1681 1094 1732 1134 In
1764 1107 1852 1147 quo

300 1159 490 1201 notabile
511 1167 577 1202 est
597 1162 712 1214 quod
731 1162 917 1202 martiris
933 1163 1009 1211 sui,
1032 1175 1161 1215 quem
1185 1163 1284 1215 igne
1299 1167 1391 1203 tam
1407 1163 1594 1216 graviter
1610 1163 1853 1203 examinari

299 1229 446 1279 voluit,
468 1231 640 1271 iniurias
664 1231 880 1271 Dominus
903 1231 1002 1284 igne
1024 1232 1224 1284 precipue
1245 1232 1464 1272 vindicare
1485 1234 1725 1273 consuevit.

388 1299 537 1353 (139b)
569 1300 773 1340 Tercium
808 1307 874 1341 est
919 1301 1001 1340 hoc
1044 1300 1206 1341 ibidem
1240 1301 1461 1353 scriptum.
1526 1301 1680 1351 ‘Vidi‚'
1713 1302 1854 1355 inquit

298 1375 446 1410 auctor
486 1369 594 1419 libri,
633 1369 815 1409 ‘occulis
851 1370 958 1409 meis
989 1383 1147 1422 panem
1179 1383 1230 1409 eo
1261 1370 1331 1410 die
1362 1377 1533 1411 coctum
1565 1372 1636 1423 qui
1678 1378 1855 1427 propter

301 1438 549 1479 miraculum
577 1444 621 1479 et
648 1439 854 1479 novitatis
885 1444 1103 1480 ostentum
1133 1437 1510 1479 circumferebatur
1538 1440 1594 1479 ad
1623 1440 1856 1480 ostenden-

301 1507 416 1557 dum,
440 1509 552 1548 intus
574 1514 619 1548 et
640 1513 769 1548 extra
790 1522 937 1548 cruore
964 1509 1274 1549 manantem.'1

386 1577 506 1630 (140)
542 1577 756 1631 Quartum
798 1578 931 1618 etiam
973 1577 1165 1618 ibidem2’
1206 1577 1289 1618 hoc
1329 1583 1393 1617 est
1432 1583 1475 1618 et
1515 1578 1559 1618 in
1601 1578 1680 1618 hec
1720 1578 1856 1619 verba

300 1646 519 1700 scriptum.
583 1646 790 1688 Similiter
818 1653 861 1687 et
884 1647 939 1687 de
969 1652 1119 1687 sancta
1143 1646 1364 1687 Eiswetha
1392 1647 1480 1698 (sic)
1506 1647 1662 1687 finibus
1683 1648 1855 1697 nostris,

298 1716 418 1757 cuius
450 1722 495 1756 ut
527 1717 663 1757 nostis
696 1716 809 1757 festo
843 1716 988 1757 locum
1021 1715 1130 1756 illius
1163 1722 1362 1770 petentes
1383 1730 1434 1757 ea
1458 1717 1688 1770 presertim
1711 1730 1855 1770 opera,

300 1801 384 1840 que
405 1786 568 1827 festivis
589 1786 742 1827 diebus
764 1785 906 1826 facere
938 1792 1264 1835 consueverant,
1287 1799 1436 1826 coram
1465 1786 1668 1827 omnibus
1689 1786 1854 1827 ibidem

302 1864 507 1909 tanquam
548 1861 742 1896 amentes
787 1862 831 1896 et
880 1861 1006 1895 extra
1055 1869 1102 1895 se
1152 1855 1256 1895 facti
1306 1861 1601 1908 representare
1650 1855 1857 1897 solebant.

306 1925 500 1980 Explicit
534 1923 1090 1978 exemplum.—Sententia
1130 1925 1252 1964 huius
1294 1924 1485 1978 exempli
1517 1930 1583 1965 est
1614 1924 1707 1974 hoc,
1742 1925 1857 1978 quod

298 1995 506 2036 ‘videlicet
540 1994 718 2048 quidam
753 1993 821 2043 ibi,
844 1993 1008 2034 scilicet
1038 1994 1081 2034 in
1117 1994 1315 2034 Marchia
1347 1994 1515 2043 WalHe,
1552 1994 1623 2047 qui
1660 1994 1858 2034 solebant

298 2065 532 2105 ‘temerarie
572 2064 721 2105 diebus
750 2063 851 2117 [fol.
889 2062 990 2116 77b]
1027 2063 1194 2103 festivis
1231 2063 1412 2115 operari,
1445 2063 1501 2103 ad
1532 2062 1675 2103 locum
1712 2069 1858 2103 sancte

301 2133 527 2175 Eiswethe
547 2135 772 2173 venientes
806 2132 1042 2173 secundum
1065 2145 1231 2173 morem
1264 2132 1402 2185 patrie
1426 2138 1637 2185 tanquam
1659 2137 1857 2173 amentes

303 2210 349 2244 et
371 2208 498 2244 extra
527 2216 573 2243 se
605 2202 706 2242 facti
739 2208 849 2251 sunt,
870 2206 913 2242 et
947 2207 1049 2242 tunc
1081 2202 1188 2241 sicut
1220 2201 1386 2254 operati
1423 2201 1595 2242 fuerant
1629 2203 1672 2242 in
1705 2201 1857 2242 diebus

308 2272 488 2322 festivis,
526 2271 585 2312 ita
624 2284 700 2325 per
749 2270 1073 2311 similitudinem
1115 2269 1265 2310 talium
1306 2283 1486 2323 operum
1539 2271 1765 2312 furibunde
1815 2285 1860 2312 se

313 2342 562 2384 movebant.
612 2342 672 2381 Et
692 2342 754 2381 ita
774 2354 905 2394 opera
925 2339 1071 2380 illicite
1088 2338 1200 2380 facta
1217 2340 1584 2393 representabant.
1631 2340 1857 2394 Siquidem

314 2414 357 2454 in
392 2412 488 2453 loco
525 2411 595 2452 illo
636 2411 851 2451 Dominus
892 2410 999 2450 tales
1041 2410 1403 2462 transgressiones
1444 2410 1501 2449 ad
1542 2410 1857 2451 correccionem

315 2483 494 2524 aliorum
516 2483 665 2536 punire
685 2486 979 2521 consueverat.

406 2556 522 2605 (141)
558 2551 715 2592 Adhuc
748 2556 891 2591 autem
925 2548 1114 2591 terribile
1145 2549 1397 2602 exemplum
1433 2562 1557 2603 super
1579 2550 1659 2590 hac
1682 2548 1859 2590 materia

317 2624 532 2664 invenitur
552 2623 593 2662 in
616 2621 706 2661 vita
728 2619 862 2660 sancti
886 2617 1127 2660 Audoweni
1158 2618 1466 2672 archiepiscopi
1490 2619 1859 2672 Rothomagensis

318 2695 361 2734 in
394 2693 506 2737 hunc
539 2691 728 2733 modum.
789 2689 993 2743 Quadam
1026 2689 1095 2728 die
1125 2688 1273 2728 beatus
1307 2688 1585 2729 Audowenus
1616 2689 1696 2729 iter
1725 2701 1859 2742 agens

321 2762 495 2804 obvium
518 2760 667 2802 habuit
688 2760 905 2814 quendam
932 2758 1254 2812 pauperculum*
1312 2757 1398 2811 Qui
1420 2772 1517 2799 cum
1541 2758 1760 2799 dominico
1789 2757 1860 2797 die

323 2835 364 2874 in
408 2833 523 2873 mola
558 2830 781 2884 farina[m]
802 2828 1046 2878 conficeret,
1068 2828 1214 2882 pollex
1236 2841 1387 2868 manus
1424 2829 1513 2868 eius
1550 2828 1606 2868 ad
1643 2827 1860 2880 superiora

754 2920 765 2939 1
779 2920 853 2951 MS.
871 2924 1078 2950 manentem.
1211 2917 1224 2937 ‘3
1237 2918 1310 2951 MS.
1328 2917 1425 2949 idem.
