2052 3278
1893 90 1899 192 l

1896 267 1904 407 ἒ

296 216 322 256 6
725 215 915 256 LIBER
950 213 1402 256 EXEMPLORUM

826 364 914 415 (De
934 371 1100 416 corpore
1125 363 1320 416 Christi.)

386 455 479 509 (10)
509 455 769 507 (Pulchrum
806 456 1062 496 miraculum
1099 455 1149 495 de
1183 455 1452 506 eukamktz'a.)
1513 454 1630 496 Sane
1670 453 1842 494 subiun-

301 532 459 578 guntur
503 526 691 578 quedam
743 525 947 577 exempla
987 525 1042 564 de
1077 525 1156 564 hac
1198 524 1489 564 sacratissima
1531 523 1714 563 materia
1756 536 1839 576 que

300 594 414 636 bone
454 595 663 635 memorie
705 594 913 647 magister
964 594 1179 635 Gerardus
1229 594 1284 634 de
1323 593 1472 646 Barry,
1514 592 1629 633 cuius
1679 605 1841 632 nomen

302 677 429 717 supra
450 663 493 703 in
515 664 698 717 prologo
725 664 863 717 prime
893 663 1101 711 scribitur,
1132 663 1305 715 collegit
1327 670 1370 703 et
1401 663 1443 703 in
1475 661 1643 714 scriptis
1664 662 1841 714 redegit,

89 739 189 788 (35.E.‚
209 740 235 777 Ι,
302 732 501 773 videlicet
522 733 565 772 in
588 732 697 773 libro
730 746 808 772 suo
829 733 901 786 qui
921 733 1075 772 dicitur
1096 732 1283 773 Gemma
1316 731 1620 773 Sacerdotalis.
1684 730 1843 772 Scribit

87 784 183 824 x1(p.
201 783 266 823 40)·
304 807 450 842 autem
473 801 515 841 in
533 801 645 841 hunc
666 801 847 841 modum
868 801 1029 841 dicens.
1084 800 1133 840 In
1157 800 1257 853 [sol.
1281 800 1383 853 2461]
1408 800 1673 840 Francorum
1696 800 1844 852 itaque

303 884 439 924 regno
460 870 564 911 urbe
580 870 778 910 videlicet
801 869 1107 911 Attrabacensi
1129 870 1198 909 die
1218 870 1409 922 quodam
1428 869 1620 922 paschali
1643 875 1845 909 matrona

304 941 492 994 quedam
509 940 699 980 hostiam
723 945 1016 980 consecratam
1035 939 1155 992 quasi
1179 938 1350 979 infirmo
1370 938 1650 979 deferandam
1673 938 1752 979 sibi
1769 951 1847 991 per

303 1009 540 1050 sacerdotis
562 1008 769 1050 incuriam
802 1010 975 1049 incaute
1006 1008 1212 1049 traditam
1244 1009 1286 1048 in
1308 1008 1448 1062 capite
1479 1009 1594 1062 pepli
1623 1008 1845 1048 cuiusdam

303 1078 422 1119 serici
462 1079 674 1118 nodatam
716 1079 758 1118 in
808 1079 916 1118 cista
956 1084 1180 1130 posuerat3
1228 1084 1272 1118 et
1312 1091 1409 1117 cum
1455 1077 1642 1134 plurimo
1684 1076 1845 1118 ibidem

302 1153 500 1201 tempore
541 1149 627 1188 iam
667 1147 873 1188 oblivioni
915 1148 1087 1201 penitus
1133 1148 1237 1187 data
1279 1146 1440 1196 fuisset,
1482 1153 1613 1187 nocte
1654 1146 1845 1200 quadam

302 1218 453 1257 mulier
488 1217 698 1270 evigilans
733 1217 842 1257 vidit
873 1218 1028 1257 cistam
1064 1217 1250 1256 eandem
1282 1215 1442 1256 lumine
1479 1229 1640 1269 magno
1670 1216 1847 1256 circum—

301 1286 464 1327 fusam:
503 1299 584 1339 que
622 1287 832 1326 exterrita
869 1286 1030 1326 marito
1065 1299 1141 1325 suo
1178 1284 1488 1326 manifestavit.
1558 1286 1680 1325 Idem
1717 1292 1847 1325 nocte

301 1360 510 1409 sequente
549 1356 760 1404 viderunt,
803 1355 918 1395 idem
955 1361 999 1394 et
1039 1353 1181 1397 tercia.
1264 1353 1465 1395 Tandem
1507 1361 1656 1395 autem
1694 1354 1848 1395 mulier

302 1438 428 1477 super
469 1424 551 1464 hoc
592 1430 751 1464 eventu
801 1424 934 1463 anxia
983 1423 1215 1477 plurimum
1267 1424 1462 1463 existens
1512 1430 1556 1463 et
1605 1424 1847 1477 perterrita,

304 1494 492 1534 hostiam
514 1493 674 1534 ibidem
705 1493 942 1546 repositam
974 1493 1029 1532 ad
1054 1493 1313 1533 memoriam
1346 1493 1575 1534 revocavit.
1627 1492 1687 1533 Et
1719 1506 1850 1533 mane

304 1562 452 1603 statim
494 1575 590 1603 cum
633 1563 788 1603 marito
837 1576 916 1603 suo
955 1562 1110 1602 cistam
1152 1562 1348 1615 aperiens
1390 1561 1596 1601 revolutis
1647 1561 1849 1602 omnibus

305 1633 482 1672 tandem
524 1632 698 1685 peplum
741 1631 907 1672 invenit
947 1638 990 1672 et
1031 1632 1196 1672 nodum
1237 1631 1308 1672 ubi
1361 1632 1505 1672 hostia
1546 1631 1685 1671 fuerat
1726 1632 1848 1684 quasi

303 1702 510 1755 sanguine
550 1703 710 1742 recenti
751 1708 1037 1743 cruentatum.
1104 1700 1235 1755 Quod
1277 1700 1482 1742 continue
1522 1701 1738 1741 sacerdoti
1770 1713 1850 1741 suo

302 1784 398 1811 cum
421 1784 583 1824 magno
605 1777 768 1811 terrore
789 1777 832 1812 et
853 1771 1038 1812 lacrimis
1068 1771 1348 1811 ostendentes
1378 1784 1475 1811 cum
1508 1771 1676 1811 honore
1698 1770 1851 1811 debito

302 1846 345 1880 et
379 1841 654 1893 processione
690 1840 792 1880 illud
825 1841 880 1880 ad
917 1840 1142 1880 ecclesiam
1173 1839 1430 1880 detulerunt.
1497 1839 1755 1892 Apertoque
1787 1838 1849 1892 [a]

301 1909 523 1948 sacerdote
553 1908 671 1948 nodo
701 1921 847 1949 coram
885 1908 1087 1949 omnibus
1123 1908 1301 1948 inventa
1339 1914 1404 1948 est
1440 1908 1584 1948 hostia
1620 1909 1742 1961 quasi
1774 1921 1852 1961 per

303 1977 494 2017 medium
526 1990 654 2017 carne
685 1977 904 2017 existente
934 1984 1124 2027 cruenta,
1157 1978 1295 2018 altera
1327 1978 1564 2017 medietate
1600 1976 1679 2017 sub
1710 1978 1852 2030 specie

302 2047 426 2100 panis
449 2053 746 2099 permanente,
770 2047 924 2087 litteris
945 2060 1116 2100 quoque
1148 2046 1367 2100 impressis
1389 2045 1555 2087 hostie1
1578 2047 1633 2087 ad
1657 2046 1850 2087 miraculi

303 2115 477 2156 maioris
516 2121 560 2156 et
599 2115 882 2156 evidencioris
913 2117 1222 2165 ostensionem,
1255 2122 1346 2156 tam
1390 2116 1432 2155 in
1464 2130 1593 2156 carne
1633 2130 1764 2169 quam
1808 2117 1852 2156 in

304 2184 428 2238 panis
464 2184 618 2237 specie,
649 2184 878 2237 legibiliter
913 2184 1177 2225 extantibus.
1257 2185 1357 2226 Hoc
1398 2185 1527 2238 igitur
1563 2185 1725 2235 audito,
1764 2198 1852 2225 non

305 2254 444 2294 solum
486 2253 601 2294 urbis
653 2254 762 2294 illius
813 2260 879 2295 set
919 2255 1053 2295 eciam
1094 2255 1330 2295 vicinarum
1373 2260 1464 2295 tam
1510 2254 1677 2295 urbium
1720 2267 1851 2308 quam

305 2324 540 2365 viculorum
595 2338 824 2365 concursus
872 2325 1143 2378 populorum,
1186 2325 1258 2378 qui
1300 2326 1411 2366 circa
1463 2326 1575 2365 hunc
1624 2326 1851 2366 articulum

307 2393 468 2433 scilicet
489 2394 545 2433 de
565 2407 749 2446 corpore
767 2392 938 2443 Christi,
960 2394 1027 2433 vel
1048 2394 1346 2434 hesitaverant
1368 2394 1434 2434 vel
1456 2396 1627 2447 penitus
1649 2395 1854 2435 exhorbi-

308 2465 517 2509 taverant‚
550 2459 686 2500 factus
721 2466 787 2500 est
818 2473 1027 2514 magnus;
1061 2461 1133 2514 qui
1165 2460 1296 2500 oculis
1327 2461 1546 2501 intuentes
1580 2468 1623 2501 et
1654 2461 1855 2502 manibus

308 2534 640 2578 contrectantes,
662 2529 842 2569 virtutes
862 2529 999 2570 eciam
1027 2536 1071 2570 et
1093 2530 1218 2582 signa
1239 2529 1436 2570 videntes
1458 2530 1594 2570 multa
1617 2543 1700 2583 que
1733 2530 1853 2571 Deus

310 2597 469 2638 ibidem
486 2598 640 2639 eodem
656 2600 825 2651 operari
842 2605 1038 2652 tempore
1054 2599 1255 2652 dignatus
1272 2605 1350 2648 est,
1366 2601 1420 2639 ad
1439 2598 1538 2640 fidei
1552 2598 1850 2640 fortitudinem

311 2673 353 2706 et
373 2667 676 2708 certitudinem
699 2669 900 2721 viamque
921 2682 1065 2708 veram
1090 2681 1220 2721 quam
1255 2669 1518 2721 reliquerunt
1550 2676 1651 2722 sunt
1682 2669 1852 2710 reversi.

313 2735 506 2789 Contigit
538 2738 675 2777 eciam
706 2743 753 2777 ut
774 2736 882 2777 infra
919 2738 968 2778 ·8·
1001 2737 1091 2777 dies
1122 2744 1359 2791 postquam
1390 2738 1491 2779 illud
1524 2739 1749 2787 acciderat,
1779 2751 1857 2790 per

312 2805 453 2845 locum
476 2806 660 2846 eundem
679 2806 941 2859 transi-[fol.
967 2806 1176 2860 24b]-rem
1191 2807 1294 2848 urbe
1311 2808 1451 2848 adhuc
1468 2808 1627 2848 recenti
1645 2808 1853 2848 miraculo

964 2909 975 2929 ¹
1001 2910 1075 2942 MS.
1100 2909 1210 2942 hodie.
