2052 3278
347 253 398 296 52
770 240 965 281 LIBER
999 237 1451 280 EXEMPLORUM

342 360 489 400 altum.
573 357 646 398 Ad
697 356 1017 398 confessionem
1068 368 1171 395 vero
1213 355 1377 408 peccati
1418 354 1530 395 tertii
1577 352 1720 393 adhuc
1761 350 1888 392 altius

343 428 593 483 erigebatur,
639 434 682 468 et
722 428 782 467 ita
826 425 1048 479 paulatim,
1091 425 1146 465 ad
1188 426 1560 465 continuationem
1601 421 1888 463 confessionis

342 498 477 548 huius,
518 496 798 537 excrescebat
843 496 1000 535 virtute
1051 492 1198 534 divina
1240 494 1350 534 muri
1393 494 1517 533 huius
1559 497 1784 539 structura,
1826 492 1887 531 ita

341 566 468 620 quod,
501 565 773 606 confessione
805 563 1040 616 completa,
1072 563 1116 603 in
1148 569 1319 604 tantum
1368 562 1468 616 [fol.
1496 560 1591 614 5452]
1625 560 1706 600 fuit
1738 573 1886 600 murus

340 636 411 676 ille
433 649 490 675 ex
510 635 630 675 omni
651 640 774 688 parte
795 633 986 674 elevatus
1008 633 1124 686 quod
1160 634 1329 673 steterit
1361 633 1473 672 intra
1493 644 1591 671 eum
1623 635 1739 670 tutus
1763 629 1886 682 quasi

340 706 382 745 in
426 710 539 745 turre
580 703 828 752 fortissima.
892 703 951 743 Et
993 709 1138 743 tamen
1179 708 1301 742 tanto
1336 701 1417 742 fuit
1454 708 1618 741 terrore
1664 711 1887 751 percussus

341 775 457 828 quod
479 774 554 814 vix
576 774 718 826 potuit
739 773 927 826 aliquam
961 773 1232 813 securitatem
1266 770 1419 812 habere
1452 771 1492 810 in
1512 767 1644 809 corde
1675 781 1778 817 suo;
1809 781 1888 808 nec

341 844 509 893 mirum,
544 856 647 883 nam
685 843 726 882 in
758 843 980 895 principio,
1016 841 1205 894 quando,
1242 842 1396 881 merito
1430 839 1540 888 fidei,
1573 837 1811 891 penitentie
1844 842 1887 877 et

338 909 617 951 confessionis
657 923 742 958 sue,
784 909 898 961 cepit
939 921 1086 948 murus
1137 913 1404 947 memoratus
1454 917 1716 953 excrescere,
1767 902 1885 943 venit

339 978 550 1032 dyabolus
585 979 629 1018 in
665 977 808 1031 effigie
840 977 910 1018 illa
943 976 1143 1026 horribili,
1175 982 1444 1029 attemptans
1477 975 1520 1014 in
1555 975 1694 1027 ipsum
1726 970 1888 1012 irruere

338 1059 435 1087 cum
468 1047 588 1088 omni
620 1053 776 1088 conatu
809 1061 899 1088 suo.
961 1046 1049 1088 Sed
1078 1047 1173 1100 ipso
1203 1046 1479 1086 adclamante
1504 1050 1548 1085 et
1567 1043 1883 1084 confessionem

338 1117 584 1158 inchoatam
618 1122 918 1170 prosequente,
952 1116 1128 1169 quando
1171 1115 1388 1168 dyabolus
1423 1127 1591 1155 murum
1633 1112 1883 1154 inchoatum

338 1187 579 1227 conabatur
642 1187 883 1239 impetuose
947 1186 1263 1235 transcendere,
1315 1185 1475 1225 virtute
1539 1183 1683 1224 divina
1732 1182 1886 1223 cecidit

339 1261 589 1297 retrorsum.
675 1255 837 1296 Iterato
887 1262 1034 1296 tamen
1085 1255 1287 1295 eumdem
1339 1255 1552 1307 impetum
1604 1252 1771 1302 faciens,
1828 1253 1882 1292 ad

338 1337 509 1365 murum
551 1326 623 1378 qui
664 1326 750 1365 iam
801 1324 927 1364 altius
969 1329 1220 1364 excreverat
1269 1323 1535 1364 transcendit
1576 1336 1622 1363 se
1661 1335 1759 1363 cum
1791 1328 1884 1362 toto

336 1394 562 1434 conamine
602 1392 863 1448 [diabolus]‚1
915 1394 1071 1433 misero
1121 1392 1299 1433 interius
1347 1393 1563 1433 clamante
1612 1398 1655 1432 et
1704 1391 1884 1432 horrore

338 1469 594 1516 conspectus
644 1462 733 1503 eius
786 1462 870 1503 fere
921 1463 1119 1515 spiritum
1169 1462 1396 1512 exalante3
1443 1475 1634 1503 reversus
1684 1462 1881 1503 diabolus

337 1533 493 1573 cecidit
513 1539 750 1574 retrorsum
772 1534 884 1573 sicut
906 1534 1030 1586 prius.
1093 1532 1219 1572 Tales
1240 1538 1384 1573 autem
1416 1531 1603 1586 impetus
1626 1538 1669 1573 et
1700 1532 1880 1573 insultus

337 1603 543 1642 continue
592 1601 777 1643 faciebat
817 1601 1031 1655 dyabolus
1072 1603 1116 1642 in
1159 1615 1329 1642 murum
1369 1601 1423 1642 ad
1467 1603 1668 1642 miserum
1706 1603 1883 1643 interius

336 1677 524 1712 stantem
565 1671 869 1721 invadendum,
911 1672 988 1712 sed
1029 1672 1232 1712 continue
1267 1671 1485 1713 crescebat
1526 1685 1671 1712 murus
1707 1677 1750 1712 et
1790 1671 1882 1725 ipse

335 1754 509 1794 semper
530 1741 687 1782 virtute
708 1741 857 1782 divina
879 1741 1069 1794 repulsus
1091 1746 1134 1781 et
1164 1741 1344 1781 reiectus
1366 1747 1442 1783 est.
1507 1740 1557 1781 In
1578 1742 1661 1781 ista
1682 1742 1883 1795 angustia

335 1810 480 1851 stabat
522 1810 651 1851 miser
690 1810 762 1851 ille
813 1812 925 1851 intra
967 1824 1114 1851 muros
1164 1824 1263 1851 suos
1304 1823 1440 1863 usque
1480 1810 1535 1851 ad
1577 1809 1707 1852 diem.
1791 1810 1879 1851 Sed

335 1885 568 1933 postquam
609 1894 752 1921 murus
803 1885 940 1921 totam
978 1880 1249 1920 altitudinem
1290 1893 1412 1920 suam
1454 1887 1694 1933 acceperat,
1737 1881 1881 1921 adhuc

334 1947 559 2001 dyabolus,
581 1963 678 1989 cum
701 1948 794 2002 plus
811 1949 952 1989 facere
967 1962 1052 1989 non
1069 1954 1228 2002 posset,
1246 1948 1428 1989 exiliens
1448 1949 1559 1989 ultra
1580 1951 1878 1991 summitatem

333 2018 454 2067 muri,
491 2024 621 2071 caput
656 2031 779 2058 suum
821 2017 923 2058 illud
959 2017 1302 2057 horridissimum
1337 2017 1585 2071 porrigeret,
1623 2025 1670 2059 ut
1706 2020 1766 2059 sic
1801 2033 1879 2073 pre

331 2087 466 2128 nimio
488 2092 653 2127 terrore
673 2087 816 2140 ipsum
838 2086 1105 2127 confundere
1126 2092 1287 2139 posset.
1352 2087 1451 2140 Ipse
1472 2101 1572 2128 vero
1594 2089 1724 2129 miser
1743 2088 1879 2130 homo

332 2162 599 2197 memoratus
636 2156 677 2196 in
713 2162 837 2196 tanta
867 2156 949 2196 fuit
980 2157 1177 2209 angustia
1209 2162 1252 2195 et
1286 2162 1449 2196 terrore
1480 2162 1572 2197 tota
1602 2165 1729 2198 nocte
1760 2160 1876 2211 quod

330 2230 397 2265 tot
433 2225 534 2265 fecit
569 2231 673 2265 vota
708 2225 819 2275 Deo,
859 2231 926 2265 tot
963 2225 1284 2277 promissioneS,
1317 2226 1434 2278 quod
1457 2227 1578 2279 quasi
1612 2227 1878 2280 impossibile

330 2301 445 2335 esset
478 2295 596 2347 quod
633 2293 688 2334 ab
725 2294 870 2347 aliquo
906 2294 1197 2347 implerentur.
1260 2294 1345 2347 Qui
1368 2296 1501 2336 etiam
1531 2297 1648 2336 omni
1680 2303 1877 2350 tempore

329 2363 416 2404 vite
438 2377 515 2404 sue
536 2364 681 2404 vivere
702 2363 901 2416 elegisset
932 2364 974 2403 in
996 2364 1115 2403 omni
1145 2370 1412 2417 paupertate,
1437 2363 1583 2405 labore
1613 2372 1656 2406 et
1676 2368 1875 2420 angustia

329 2446 412 2485 que
454 2439 601 2486 posset
643 2433 895 2484 excogitari,
943 2433 1047 2472 dum
1088 2438 1235 2473 tamen
1277 2434 1412 2473 vitam
1454 2433 1612 2475 habere
1652 2437 1873 2488 potuisset,

329 2514 460 2554 quam
483 2502 638 2542 iterato
660 2503 706 2542 in
728 2502 999 2542 consimilem
1015 2508 1189 2542 noctem
1207 2503 1411 2544 devenire.
1465 2503 1506 2543 N
1512 2517 1594 2544 unc
1611 2518 1715 2558 ergo
1737 2504 1870 2555 vides,

330 2569 584 2621 Christiane,
623 2570 843 2624 quan[s0l.
900 2580 920 2622 5
931 2570 1047 2624 5a]te
1106 2572 1273 2612 virtutis
1316 2578 1380 2612 est
1425 2577 1576 2613 contra
1632 2573 1870 2626 dyabolum

325 2653 427 2680 vera
476 2639 689 2680 confessio
731 2638 845 2680 facta
891 2639 1115 2689 sacerdoti,
1157 2641 1396 2681 secundum
1439 2642 1632 2682 ordinem
1680 2644 1868 2693 ecclesie,

327 2709 396 2749 ubi
440 2715 610 2750 tantum
652 2709 784 2749 valuit
825 2714 974 2749 contra
1014 2707 1237 2749 diabolum
1280 2709 1350 2749 illa
1399 2710 1612 2751 confessio
1653 2725 1783 2764 quam
1825 2713 1868 2752 in

327 2777 470 2818 medio
505 2792 661 2831 campo
697 2777 800 2819 fecit
838 2778 944 2819 Deo.
1007 2777 1134 2819 Certe
1165 2777 1235 2819 illa
1276 2778 1492 2820 confessio
1524 2781 1685 2821 nullam
1717 2780 1870 2822 habuit

324 2848 522 2887 virtutem
554 2849 636 2888 nisi
669 2854 846 2901 propter
882 2847 1040 2888 bonam
1073 2847 1335 2889 voluntatem
1367 2855 1409 2889 et
1446 2851 1717 2902 propositum
1753 2852 1867 2903 quod

988 2948 998 2967 ³
1018 2949 1090 2979 MS.
1106 2948 1199 2980 darz.
