2052 3278
596 245 682 285 DE
717 244 1214 287 EXECUTORIBUS
1626 247 1672 286 81

131 358 282 412 culpas
304 361 487 401 scienter
507 359 744 400 admittunt
763 373 788 399 a
810 360 965 413 quibus
997 361 1191 401 excusari
1212 374 1299 401 non
1326 367 1519 415 possunt,
1541 368 1679 402 metu-

131 428 247 468 enda
266 436 331 470 est
365 429 764 470 excommunicacio
787 428 998 483 legittime
1019 429 1145 480 facta,
1167 435 1210 470 et
1244 430 1453 471 bonorum
1489 431 1675 471 virorum

134 497 403 550 imprecaciO.

615 600 684 640 De
704 601 1011 656 exsecutoribus
1036 603 1178 642 malis.

221 691 343 745 (136)
375 692 564 745 Quidam
588 690 718 732 frater
739 690 793 730 de
825 690 1071 744 Burgundia
1102 692 1318 742 oriundus,
1354 695 1529 734 nomine
1564 695 1673 735 Vin·
1688 701 1839 733 Exlibro

128 761 315 809 cencius,
336 762 520 801 narravit
541 760 662 801 fratri
686 760 865 800 Iohanni
887 759 943 799 de
967 759 1191 813 Kylkenni
1213 761 1316 814 [fol.
1333 772 1358 813 7
1366 763 1435 816 5a]
1452 765 1670 816 quondam
1688 745 1858 830 {fiffihss}

128 831 298 870 custodi
320 832 363 870 in
384 829 563 871 diversis
585 829 790 870 custodiis
812 830 854 869 in
896 829 1137 882 Hybernia,
1173 830 1408 884 aliquando
1437 833 1492 873 de
1529 834 1668 875 Ponte

133 899 367 953 aliquando
403 900 458 939 de
501 899 727 952 Corkagio,
764 900 856 939 viro
893 904 1057 948 sancto,
1101 899 1287 940 discreto
1327 906 1372 941 et
1412 901 1497 942 fide
1538 903 1670 956 digno

131 975 334 1009 eventum
355 968 653 1022 subscriptum.
717 968 869 1008 Frater
888 981 988 1008 vero
1010 968 1270 1009 Vincencius
1292 977 1554 1012 memoratus
1567 978 1670 1013 tunc

130 1039 335 1090 temporis
356 1044 448 1078 erat
467 1043 609 1077 custos
629 1037 671 1077 in
695 1036 828 1077 Terra
849 1036 1022 1086 Sancta,
1044 1043 1087 1077 et
1117 1039 1234 1077 venit
1264 1044 1365 1078 tunc
1388 1053 1463 1092 pro
1483 1042 1670 1081 custodi-

130 1106 208 1147 bus
244 1106 354 1146 illius
386 1113 497 1147 terre
531 1106 586 1146 ad
621 1105 856 1159 capitulum
889 1106 1099 1159 generale.
1180 1106 1296 1147 Sane
1326 1114 1504 1149 eventus
1540 1123 1668 1162 quern

127 1174 258 1215 frater
279 1175 347 1215 ille
369 1175 522 1225 retulit,
544 1188 674 1229 quem
695 1181 739 1215 et
760 1176 852 1228 ipse
873 1176 993 1216 novit
1014 1175 1383 1227 certitudinaliter‚
1404 1183 1452 1218 ut
1478 1180 1667 1229 asseruit,

128 1244 209 1284 hoc
231 1251 320 1284 erat
339 1260 346 1286 2
381 1244 571 1298 Quidam
593 1245 808 1285 usurarius
829 1252 920 1285 erat
942 1245 984 1284 in
1005 1244 1256 1297 Burgundia
1286 1247 1359 1298 qui
1391 1248 1536 1287 omnia
1557 1248 1669 1289 bona

126 1325 204 1353 sua
224 1313 291 1352 vel
313 1312 403 1353 fere
425 1314 571 1353 omnia
593 1319 815 1354 contractu
847 1314 1035 1353 usurario
1055 1314 1328 1367 adquisierat.
1394 1316 1500 1357 Erat
1522 1324 1666 1358 autem

128 1381 248 1421 dives
283 1383 421 1424 valde.
508 1382 559 1422 In
595 1382 707 1422 hunc
749 1382 927 1422 modum
962 1384 1074 1423 vixit
1114 1383 1322 1436 quamdiu
1364 1385 1484 1425 Deus
1524 1387 1667 1427 voluit.

127 1450 325 1490 Tandem
347 1451 581 1504 aliquando
598 1452 794 1492 molestia
809 1452 997 1504 corporis
1012 1465 1246 1505 percussus,
1260 1467 1397 1507 usque
1411 1455 1466 1494 ad
1485 1462 1666 1496 mortem

125 1518 298 1560 inflatus
313 1520 325 1543 1
347 1526 421 1560 est.
483 1520 716 1561 Decubans
737 1521 867 1574 igitur
888 1522 929 1560 in
952 1520 1105 1561 lectulo
1126 1523 1379 1574 egritudinis
1395 1537 1479 1573 sue,
1502 1537 1669 1577 procur-

124 1595 227 1629 ante
248 1590 386 1641 gratia
409 1590 696 1629 miseracionis
727 1589 882 1638 divine,
913 1591 1117 1642 cogitavit
1146 1603 1296 1631 omnes
1326 1605 1463 1633 annos
1494 1607 1592 1634 suos
1626 1593 1667 1633 in

125 1659 410 1699 amaritudine
427 1658 572 1698 anime
595 1671 677 1699 sue.
740 1658 934 1700 Ponebat
955 1665 1097 1699 autem
1121 1661 1268 1700 omnia
1304 1661 1419 1701 bona
1450 1675 1527 1702 sua
1556 1669 1667 1703 tem-

125 1727 287 1779 poralia
307 1733 408 1767 ante
429 1727 573 1768 oculos
595 1729 684 1768 vite
705 1717 792 1776 sue,
816 1735 858 1768 et
893 1728 1121 1768 manifeste
1150 1729 1258 1769 vidit
1292 1732 1405 1782 quod
1441 1731 1494 1771 de
1530 1733 1668 1772 omni-

125 1796 203 1837 bus
225 1809 308 1848 que
323 1796 521 1846 habebat,
545 1797 665 1850 quasi
686 1798 815 1837 nichil
837 1810 960 1837 suum
978 1805 1069 1838 erat
1085 1813 1094 1848 ;
1128 1803 1192 1838 set
1210 1798 1324 1839 bona
1344 1806 1466 1840 erant
1488 1800 1666 1842 aliorum

125 1865 280 1918 quibus
302 1878 374 1906 eos
394 1872 617 1906 contractu
648 1879 725 1906 suo
746 1868 932 1906 usurario
963 1866 1235 1920 spoliaverat.
1300 1868 1425 1909 Talia
1447 1871 1667 1912 revolvens

126 1935 169 1974 in
191 1935 320 1975 corde
340 1949 427 1985 suo,
449 1949 546 1976 cum
569 1936 682 1976 solus
710 1937 865 1976 iaceret
898 1937 940 1976 in
973 1936 1140 1986 lectulo,
1175 1938 1459 1979 amaritudine
1481 1940 1665 1992 repletus

123 2010 226 2044 erat.
288 2004 364 2046 Set
395 2005 499 2057 quid
532 2005 717 2046 faceret?
794 2005 1100 2058 Oportunitate
1131 2006 1301 2047 favente
1333 2009 1499 2048 vocavit
1533 2010 1586 2050 ad
1621 2025 1665 2051 se

125 2074 390 2115 sacerdotem
413 2088 536 2115 suum
558 2074 848 2128 parochialem
881 2080 924 2116 et
955 2076 1062 2116 duos
1096 2076 1257 2117 vicinos
1289 2090 1387 2117 suos
1422 2078 1475 2118 de
1512 2080 1663 2132 quibus

122 2142 382 2192 confidebat,
403 2149 446 2183 et
469 2144 511 2183 in
533 2144 645 2184 hunc
668 2145 848 2185 modum
869 2158 942 2184 eos
975 2144 1182 2185 allocutus
1218 2152 1284 2187 est
1304 2161 1311 2187 :
1348 2150 1356 2166 ‘
1375 2147 1564 2189 Demum
1587 2164 1662 2190 vos

123 2212 241 2251 scitis
262 2211 378 2264 quod
406 2225 486 2265 ego
509 2213 646 2253 multa
665 2213 778 2253 bona
798 2215 1069 2266 congregavi.
1136 2214 1194 2254 Et
1216 2216 1359 2255 sciatis
1380 2217 1495 2269 quod
1518 2219 1664 2259 omnia

124 2279 189 2320 vel
220 2279 310 2320 fere
339 2282 484 2321 omnia
514 2283 699 2322 usurarie
719 2283 933 2335 adquisita
955 2290 1066 2325 sunt.
1132 2283 1264 2324 Unde
1295 2284 1409 2325 bona
1444 2299 1540 2326 mea
1576 2302 1661 2328 non

122 2354 231 2398 sunt,
253 2349 329 2389 sed
351 2349 464 2390 bona
484 2364 630 2391 eorum
662 2365 688 2391 a
718 2351 868 2404 quibus
900 2353 1016 2393 malo
1048 2352 1180 2393 modo
1210 2355 1372 2394 extorsi
1403 2368 1465 2397 ea.
1532 2356 1662 2398 Unde

122 2431 209 2458 non
250 2432 424 2471 possum
466 2420 521 2460 de
560 2421 621 2460 eis
661 2427 867 2474 tanquam
908 2423 963 2462 de
1000 2421 1123 2462 bonis
1165 2424 1269 2462 meis
1306 2423 1542 2477 disponere,
1582 2440 1660 2467 nec

123 2500 296 2540 possum
311 2487 365 2527 de
387 2489 447 2528 eis
468 2494 773 2530 testamentum
795 2491 993 2533 condere.
1058 2492 1098 2531 N
1103 2506 1185 2532 unc
1216 2505 1320 2546 ergo
1349 2495 1564 2534 constituo
1585 2510 1660 2536 vos

122 2563 207 2597 tres
239 2562 490 2597 executores
522 2571 640 2598 meos
672 2557 774 2613 [fol.
805 2569 829 2610 7
837 2559 916 2613 5b]‚
938 2561 1139 2601 adiurans
1160 2575 1235 2601 vos
1256 2575 1385 2614 quam
1409 2576 1583 2615 possum
1616 2571 1659 2605 et

121 2638 279 2678 rogans
299 2626 411 2678 quod
435 2626 658 2678 inquiratis
679 2634 722 2668 et
739 2628 893 2681 inquiri
911 2627 1076 2669 faciatis
1092 2629 1320 2682 diligenter
1335 2645 1360 2670 a
1376 2631 1528 2684 quibus
1544 2632 1658 2674 bona

120 2693 200 2733 hec
231 2694 412 2734 lucratus
443 2707 548 2741 sum,
579 2700 623 2734 et
653 2709 728 2735 sua
758 2696 934 2749 singulis
965 2697 1208 2739 restituatis.
1274 2699 1332 2738 Et
1362 2712 1479 2752 rogo,
1511 2702 1657 2755 inquit,

118 2763 234 2815 quod
262 2763 343 2803 hoc
374 2763 479 2803 mihi
511 2777 660 2804 omnes
690 2766 944 2815 concedatis,
975 2768 1073 2820 quia
1120 2768 1199 2807 ista
1232 2767 1457 2809 infirmitas
1488 2769 1548 2810 ita
1582 2784 1656 2825 op-

120 2833 269 2884 primit
305 2845 385 2882 me,
417 2833 532 2885 quod
566 2846 647 2886 ego
695 2833 749 2874 de
788 2833 912 2874 bonis
953 2836 1044 2876 istis
1084 2837 1281 2876 ordinare
1321 2851 1408 2877 non
1448 2840 1679 2891 possum.''

736 2923 747 2942 1
765 2925 839 2956 MS.
866 2924 1035 2957 influatus.

873 2970 899 3010 6
