2052 3278
291 256 343 307 38
714 250 906 291 LIBER
939 248 1393 291 EXEMPLORUM

287 370 504 412 cautelam
526 368 717 409 dandam
741 366 952 408 Antonio.
1013 366 1072 406 Et
1094 365 1256 406 audivit
1278 379 1429 406 vocem
1452 364 1592 418 angeli
1623 364 1831 404 dicentis:

289 439 384 482 ‘Sic
408 437 473 479 fac
495 444 537 478 et
559 437 700 478 salvus
721 437 802 477 eris
818 434 848 476 ':
884 441 1014 488 atque
1035 436 1095 475 ita
1116 434 1274 475 factum
1296 441 1371 475 est.

379 508 467 557 (62)
503 505 722 559 Quoniam
756 510 902 544 autem
923 503 1128 544 orationis
1148 503 1323 543 devotio
1345 509 1389 543 et
1410 502 1537 542 officii
1559 501 1831 542 ecclesiastici

288 576 449 616 devota
469 574 636 615 audicio
657 573 818 613 accidie
839 578 1112 625 repungnant
1130 578 1174 612 et
1195 572 1371 624 torpori,
1397 569 1619 624 probabile
1651 569 1833 609 sumitur

287 650 591 698 argumentum
614 642 730 696 quod
753 642 1042 695 unusquisque
1063 646 1227 694 quanto
1241 654 1287 680 se
1302 640 1357 680 ab
1373 640 1581 680 orationis
1602 638 1834 679 devotione

289 720 332 755 et
354 712 495 754 officio
516 711 802 753 ecclesiastico
823 717 1021 764 tempore
1044 709 1190 750 debito
1210 710 1424 751 subtrahit
1453 715 1576 749 tanto
1600 708 1761 748 accidie
1790 712 1834 747 et

287 782 450 835 torpori
481 795 553 822 cor
581 795 703 821 suum
733 786 931 834 paratum
962 778 1179 819 vasculum
1212 777 1387 819 reddit.1
1449 778 1508 818 Et
1537 783 1651 818 certe
1682 777 1755 830 qui
1786 789 1832 816 se

289 851 437 891 divino
464 850 608 891 officio
635 856 829 903 tempore
856 848 1007 889 debito
1033 847 1298 896 subtrahunt,
1327 847 1503 900 impune
1534 846 1714 887 transire
1744 858 1832 886 non

289 926 482 973 possunt.
549 919 689 961 Huius
715 920 772 960 rei
797 918 1051 972 exemplum
1082 917 1228 966 habes,
1250 916 1352 970 [fol.
1377 914 1480 971 45⁶2]
1503 916 1756 969 predicator,
1778 916 1835 956 de

289 990 476 1043 quadarn
507 989 682 1030 muliere
702 989 833 1029 vidua
853 987 1036 1028 honesta
1056 993 1099 1027 et
1122 986 1319 1039 religiosa
1341 987 1480 1026 occisa
1499 990 1598 1025 ante
1619 998 1755 1025 annos
1774 984 1830 1037 vij

291 1059 333 1099 in
366 1059 607 1100 Desmonia
637 1058 752 1112 apud
785 1056 1049 1107 Caricohele,
1082 1057 1205 1097 iuxta
1238 1054 1502 1106 Corkagium
1533 1054 1606 1094 ubi
1626 1067 1709 1107 ego
1730 1060 1834 1094 tunc

290 1129 496 1182 temporis
536 1128 723 1169 officium
765 1127 944 1177 lectoris,
982 1139 1059 1180 pro
1101 1125 1278 1166 modulo
1316 1138 1427 1174 meo,
1465 1125 1649 1165 exercui.
1716 1122 1834 1164 Sane

291 1197 442 1237 mulier
472 1197 615 1237 illassin
647 1210 800 1251 guerra
831 1209 914 1249 que
945 1202 1046 1235 tunc
1076 1195 1283 1247 temporis
1315 1193 1508 1234 fervebat
1537 1193 1579 1232 in
1601 1192 1756 1242 Vallia,
1779 1192 1836 1232 de

288 1272 401 1307 terra
423 1266 587 1307 domini
610 1266 754 1306 David
771 1266 826 1306 de
848 1265 986 1317 Barry
1002 1264 1179 1304 senioris
1194 1263 1237 1302 in
1255 1262 1425 1312 Wallia,
1447 1261 1519 1303 ubi
1541 1266 1835 1316 permanserat

290 1335 414 1389 prius,
438 1335 604 1388 fugerat
626 1335 680 1374 ad
703 1334 865 1375 dictum
887 1333 1112 1373 dominum
1134 1345 1259 1372 suum
1281 1332 1322 1371 in
1346 1330 1587 1384 Hybernia,
1607 1338 1650 1372 et
1667 1331 1835 1384 accepit

289 1418 422 1445 unum
460 1405 713 1457 burgagium
749 1417 775 1444 a
807 1404 985 1443 domino
1016 1402 1263 1455 supradicto
1299 1401 1415 1453 apud
1452 1400 1721 1442 Caritothele
1762 1400 1834 1441 ubi

291 1473 516 1523 braxabat‚
541 1477 584 1513 et
612 1472 759 1512 labore
787 1485 864 1512 suo
890 1485 936 1511 se
964 1476 1007 1511 et
1034 1470 1253 1523 quandam
1281 1483 1470 1510 sororem
1496 1469 1706 1523 virginem
1735 1484 1836 1510 xxx

290 1555 500 1583 annorum
538 1541 719 1582 fideliter
755 1540 908 1590 alebat,
944 1539 1125 1580 honeste
1157 1539 1282 1579 valde
1315 1540 1426 1579 inter
1458 1540 1698 1580 convicinos
1735 1552 1837 1580 suos

290 1625 505 1654 conversa.
556 1611 652 1651 Hec
674 1624 790 1664 ergo,
813 1611 913 1663 quia
935 1609 1118 1650 honeste
1137 1609 1284 1649 induta
1305 1608 1567 1662 procedebat
1588 1616 1632 1650 et
1652 1610 1837 1650 honeste

292 1682 347 1722 de
387 1681 536 1722 labore
579 1694 657 1723 suo
698 1681 938 1731 victitabat,
980 1679 1233 1720 credebatur
1273 1692 1298 1719 a
1337 1678 1596 1732 quibusdam
1638 1679 1839 1734 malignis

293 1752 472 1804 pecunia
492 1751 623 1791 fuisse
644 1751 861 1804 opulenta.
923 1749 1113 1803 Quidam
1136 1762 1239 1802 ergo
1260 1747 1482 1802 malignus,
1504 1749 1654 1789 volens
1675 1748 1839 1790 habere

293 1821 533 1873 pecuniam,
555 1833 687 1873 quam
708 1819 911 1860 credebat
932 1832 1066 1872 penes
1086 1832 1132 1858 se
1156 1831 1250 1857 esse
1280 1817 1322 1856 in
1353 1817 1554 1857 thesauro
1585 1817 1837 1868 latitantem,

293 1890 482 1942 quadam
513 1895 639 1929 nocte
669 1890 712 1929 in
743 1888 902 1942 hyeme
933 1886 1143 1941 parietem
1175 1899 1343 1926 camere
1367 1900 1442 1927 sue
1463 1886 1589 1939 fregit
1610 1893 1653 1927 et
1674 1887 1839 1928 intrans

293 1957 403 1998 tristi
423 1958 596 1999 cultello
615 1971 711 1998 eam
734 1958 955 2010 iugulavit.
1019 1956 1060 1996 N
1065 1954 1164 1996 ichil
1183 1961 1330 1996 tamen
1353 1956 1615 2008 asportavit3
1648 1969 1749 1996 nam
1782 1957 1836 1996 ad

292 2027 525 2068 clamorem
562 2027 750 2068 mulieris
787 2027 1006 2067 morientis
1040 2026 1195 2066 timore
1230 2038 1452 2078 percussus
1487 2026 1635 2065 statim
1674 2025 1839 2080 affugit.

296 2094 451 2135 Mulier
471 2101 619 2135 autem
649 2094 729 2135 hec
761 2099 933 2134 mortua
963 2099 1062 2146 post
1091 2092 1256 2145 aliquos
1277 2091 1369 2132 dies
1389 2093 1586 2145 apparuit
1607 2093 1740 2132 sorori
1763 2106 1838 2132 sue

295 2164 463 2205 mulieri
485 2164 640 2217 virgini
661 2165 744 2204 iam
769 2170 1019 2212 memorate,
1041 2175 1169 2215 quam
1193 2162 1401 2215 aspiciens
1422 2174 1542 2202 soror
1558 2176 1655 2202 cum
1679 2175 1839 2216 magna

293 2234 471 2274 tristicia
488 2235 672 2286 quesivit
694 2232 750 2274 ab
771 2247 835 2282 ea,
857 2232 1080 2286 quomodo
1097 2245 1142 2272 se
1162 2231 1354 2272 haberet.
1409 2230 1506 2284 Que
1525 2231 1641 2272 dixit
1662 2233 1700 2271 ei
1722 2231 1838 2284 quod

294 2303 405 2343 bene
435 2303 623 2357 quidem,
645 2308 688 2343 et
710 2303 782 2342 illa
804 2303 1000 2355 quesivit,
1023 2314 1078 2340 an
1099 2300 1230 2340 aliam
1261 2313 1421 2353 penam
1443 2306 1677 2353 postquam
1701 2301 1839 2341 exivit

294 2387 319 2413 a
342 2386 517 2425 corpore
537 2372 814 2412 sustinuisset.
875 2370 972 2424 Que
1003 2369 1223 2423 respondit
1253 2370 1370 2422 quod
1393 2370 1463 2419 sic,
1487 2369 1660 2411 dicens:
1694 2369 1841 2410 ‘Post—

294 2443 453 2494 quam,’
476 2441 626 2494 inquit,
649 2441 786 2480 ‘exivi
809 2440 863 2480 de
883 2453 1065 2493 corpore
1095 2451 1279 2479 excussa
1300 2438 1358 2478 fui
1389 2438 1431 2478 in
1460 2439 1608 2491 ignem
1624 2437 1643 2480 '.
1707 2438 1843 2480 Soror

292 2518 438 2552 autem
472 2511 584 2552 illius
615 2523 712 2551 cum
745 2523 906 2562 magna
936 2509 1112 2549 tristicia
1140 2515 1184 2548 et
1210 2507 1504 2549 admiracione
1535 2508 1655 2562 (εἰς)2
1685 2508 1838 2549 mortis

295 2579 467 2630 Christi,
508 2581 690 2633 quesivit
730 2579 785 2619 ab
825 2593 877 2619 ea
917 2591 1108 2620 causam.
1174 2578 1232 2617 Et
1273 2577 1344 2617 illa
1385 2577 1634 2631 respondit:
1679 2582 1687 2598 ‘
1703 2577 1842 2631 Quia‚'

293 2650 437 2703 inquit,
480 2650 703 2690 ‘consuevi
745 2648 896 2688 diebus
932 2646 1093 2688 festivis
1128 2647 1249 2687 exire
1285 2647 1339 2686 de
1374 2647 1551 2687 ecclesia
1586 2653 1687 2688 ante
1723 2660 1841 2687 com-

294 2720 539 2759 munionem
554 2718 574 2760 '.
613 2717 746 2760 Soror
766 2724 911 2758 autem
934 2717 1023 2757 eius
1037 2716 1117 2757 hoc
1139 2717 1317 2757 verbum
1341 2730 1428 2756 non
1446 2716 1666 2757 intellexit.
1709 2716 1839 2757 Unde

294 2788 505 2829 adiuravit
534 2801 609 2841 per
640 2793 828 2828 mortem
862 2786 1020 2828 Christi
1051 2786 1166 2839 quod
1199 2786 1360 2826 diceret
1391 2786 1428 2826 ei
1461 2787 1562 2839 quid
1595 2786 1676 2826 hoc
1708 2792 1837 2828 esset.

295 2856 392 2910 Que
424 2857 669 2910 respondit:
702 2856 825 2896 ‘Non
860 2856 954 2909 plus
986 2855 1065 2897 tibi
1099 2855 1242 2896 dico':
1277 2855 1378 2908 [sol.
1412 2855 1514 2909 45b]
1542 2861 1585 2896 et
1615 2855 1839 2908 disparuit.

697 2953 707 2973 1
719 2954 794 2985 MS.
813 2953 909 2985 redit.
1043 2952 1055 2971 2
1065 2953 1131 2983 For
1149 2951 1367 2984 adiuracione
1381 2951 1434 2993 (?).
