2052 3278
53 1265 103 1298 Cf.
119 1265 215 1303 V.P.‚

51 1309 109 1347 IV,
127 1309 224 1347 xxxii,

51 1352 97 1395 (Ρ.
114 1353 201 1394 550)-

261 251 317 292 40
697 241 891 282 LIBER
924 240 1377 282 EXEMPLORUM

261 356 505 397 vestimenti
536 356 749 398 fimbriam
778 356 891 397 foras
922 357 1130 400 trahebat.
1190 357 1312 397 Tunc
1333 357 1525 397 eiusdem
1557 356 1804 397 monasterii

262 427 372 478 patri
406 426 670 478 Pompeiano
703 425 878 466 nomine
909 432 952 467 et
986 426 1141 467 Mauro
1170 425 1255 466 Dei
1288 425 1450 466 famulo
1478 431 1640 466 secreto
1661 425 1802 466 dixit:

264 497 273 513 ‘
291 494 515 548 Numquid
535 508 622 535 non
643 494 830 547 aspicitis
850 496 944 548 quis
964 500 1029 536 est
1050 495 1130 536 iste
1150 495 1222 548 qui
1242 496 1368 535 istum
1401 493 1658 535 monachum
1692 494 1806 535 foras

262 563 444 605 trahit?’
516 563 601 618 Qui
656 565 966 618 respondentes
1021 565 1243 606 dixerunt:
1295 563 1452 606 ‘Non’.
1532 564 1617 617 Qui
1668 563 1805 604 dixit:

262 633 472 676 ‘Oremus
491 635 622 674 etiarn
655 638 701 674 ut
732 647 807 674 vos
838 634 1020 675 videatis
1054 647 1182 688 quem
1204 636 1286 675 iste
1319 633 1554 675 monachus
1585 632 1805 687 sequitur’.

263 703 459 756 Cumque
499 717 575 756 per
605 703 782 745 biduum
822 709 934 745 esset
970 710 1148 753 oratum,
1192 705 1367 744 Maurus
1410 703 1642 743 monachus
1684 703 1804 753 vidit,

264 773 550 825 Pompeianus
570 778 713 813 autem
737 771 929 813 eiusdem
963 774 1210 813 monasterii
1233 778 1355 826 pater
1378 772 1525 812 videre
1545 784 1631 811 non
1654 771 1805 824 potuit.

265 840 348 880 Die
369 841 498 894 igitur
530 839 611 881 alia
645 841 822 894 expleta
852 842 1047 882 oratione
1066 842 1130 881 vir
1152 841 1233 881 Dei
1259 839 1491 880 oratorium
1514 845 1579 880 est
1599 852 1808 893 egressus,

262 915 449 951 stantem
481 909 582 950 foris
613 909 873 950 monachum
905 910 1074 964 reperit,
1094 922 1222 963 quem
1257 923 1335 962 pro
1366 909 1544 949 cecitate
1575 909 1713 949 cordis
1743 909 1806 948 sui

261 981 382 1033 virga
412 980 630 1033 percussit.
695 979 782 1034 Qui
812 994 871 1020 ex
902 978 972 1020 illo
1003 980 1073 1020 die
1104 978 1234 1020 nichil
1265 977 1551 1032 persuasionis
1579 977 1754 1019 ulterius
1783 991 1808 1018 a

262 1050 386 1104 nigro
408 1051 492 1090 iam
514 1049 692 1103 puerulo
723 1048 909 1102 pertulit,
933 1049 1010 1089 sed
1042 1049 1096 1090 ad
1119 1049 1322 1090 orationis
1354 1047 1543 1088 studium
1576 1046 1809 1089 immobilis

263 1119 509 1172 permansit.
569 1117 726 1172 Sicque
757 1119 957 1171 antiquus
990 1117 1127 1159 hostis
1157 1117 1368 1158 dominari
1400 1130 1485 1157 non
1516 1130 1642 1156 ausus
1671 1122 1736 1157 est
1766 1116 1808 1156 in

262 1189 352 1228 eius
373 1188 631 1241 cogitatione
651 1201 700 1228 ac
721 1188 757 1227 si
777 1187 868 1241 ipse
886 1200 1110 1240 percussus
1131 1187 1281 1227 fuisset
1302 1200 1359 1227 ex
1381 1186 1565 1228 verbere.

349 1257 439 1310 (64)
473 1256 547 1297 Ad
589 1256 1025 1310 condempnationem
1067 1255 1228 1297 accidie
1260 1261 1304 1296 et
1334 1255 1518 1309 torporis
1555 1255 1807 1308 exemplum

261 1326 371 1368 bene
393 1325 495 1367 utile
516 1326 695 1380 legimus
726 1326 768 1366 in
790 1326 916 1366 Vitas
949 1325 1124 1366 Patrum
1156 1325 1199 1366 in
1220 1326 1332 1365 hunc
1362 1325 1552 1366 modum.
1616 1324 1809 1365 Dederat

263 1397 383 1437 Deus
422 1395 591 1436 cuidam
640 1394 827 1436 solitario
876 1394 1054 1435 nomine
1105 1395 1309 1435 Machete
1359 1394 1469 1434 hanc
1519 1393 1712 1447 gratiam,
1763 1400 1810 1434 ut

262 1465 361 1519 [fol.
382 1463 481 1520 46b]
504 1466 538 1505 si
572 1465 745 1518 quando
765 1464 807 1504 in
839 1469 1057 1505 conventu
1090 1463 1268 1504 fratrum
1302 1477 1377 1516 per
1407 1468 1544 1503 totam
1565 1468 1737 1503 noctem
1765 1468 1810 1504 et

261 1535 376 1576 diem
408 1536 642 1588 agitaretur
676 1532 852 1574 collaeio
894 1532 1122 1587 spiritualis
1162 1545 1384 1586 nunquam
1426 1531 1494 1572 ille
1533 1532 1810 1573 dormitaret:

260 1606 294 1647 si
326 1611 469 1646 autem
501 1604 792 1645 detracciones
820 1610 895 1644 aut
926 1605 1068 1644 ociosa
1100 1604 1230 1645 verba
1251 1604 1346 1656 quis
1377 1609 1636 1657 temptasset
1656 1603 1812 1643 inferre

261 1675 407 1715 statim
441 1673 509 1714 ille
544 1673 587 1714 in*
624 1685 853 1726 sompnum
887 1673 1067 1722 caderet,
1089 1676 1136 1712 ut
1170 1672 1414 1712 huiusmodi
1446 1684 1657 1712 venenum
1688 1684 1811 1712 aures

262 1744 351 1785 eius
391 1756 479 1783 non
521 1744 783 1796 exciperent.
870 1741 956 1783 Hic
997 1741 1170 1782 dicebat
1210 1741 1445 1794 dyabolum
1487 1740 1729 1782 studiosum
1767 1746 1814 1780 ut

206 1841 208 1844 v
263 1819 456 1854 moveret
493 1811 727 1853 monachos
761 1812 815 1853 ad
849 1812 985 1853 verba
1017 1811 1158 1852 ociosa
1191 1817 1234 1852 et
1267 1812 1648 1865 impungnatorem
1683 1811 1815 1851 totius

262 1882 456 1923 doctrine
502 1882 743 1935 spiritualis.
824 1881 896 1922 Ad
938 1895 1068 1934 quam
1105 1894 1208 1921 rem·
1236 1881 1434 1921 utebatur
1472 1879 1553 1920 hoc
1593 1879 1809 1933 exemplo.

262 1952 513 2005 ‘Loquente
535 1965 615 2001 me,
638 1951 786 2004 inquit,
808 1950 1039 2004 aliquando
1056 1950 1111 1990 ad
1128 1950 1355 1991 utilitatem
1370 1949 1512 1990 anime
1529 1948 1584 1990 ad
1603 1949 1812 2002 quosdam

262 2020 414 2061 fratres
455 2021 499 2061 in
542 2026 713 2061 tantum
764 2033 950 2074 sompno
1000 2020 1218 2073 profundo
1268 2020 1463 2073 occupati
1503 2024 1601 2059 sunt
1652 2024 1699 2058 ut
1736 2032 1813 2058 nec

262 2091 486 2144 palpebras
521 2089 740 2131 oculorum
777 2103 953 2131 movere
988 2095 1177 2143 possent.
1242 2088 1338 2141 Ego
1374 2093 1517 2128 autem
1552 2087 1702 2128 videns
1732 2087 1814 2128 hoc

263 2174 368 2213 opus
405 2173 497 2200 esse
530 2160 726 2200 demonis
759 2159 1000 2200 ociosarum
1033 2171 1175 2199 rerum
1207 2158 1341 2199 verba
1374 2156 1608 2205 introduxi,
1631 2157 1685 2196 ad
1708 2170 1815 2209 quas

263 2228 321 2269 illi
363 2229 600 2283 gaudentes
643 2228 791 2269 statim
832 2242 857 2268 a
897 2241 1085 2281 sompno
1126 2227 1303 2267 excitati
1335 2232 1445 2267 sunt.
1530 2226 1627 2280 Ego
1667 2232 1812 2266 autem

264 2298 549 2352 ingemiscens
579 2298 694 2338 dixi:
729 2298 880 2350 Usque
900 2311 1011 2338 nunc
1046 2297 1102 2337 de
1131 2296 1355 2337 celestibus
1378 2296 1502 2336 rebus
1525 2295 1813 2350 loquebamur,

263 2374 306 2408 et
355 2368 548 2408 omnium
600 2372 789 2407 vestrum
841 2366 950 2407 oculi
1000 2367 1253 2421 gravissimo
1304 2378 1487 2418 sompno
1542 2364 1810 2407 tenebantur.

265 2436 452 2490 Quando
497 2442 640 2476 autem
683 2449 824 2476 sermo
863 2436 1030 2476 ociosus
1070 2434 1267 2475 inventus
1319 2440 1397 2483 est,
1436 2447 1586 2474 omnes
1626 2434 1814 2486 prompti

263 2507 410 2547 audire
432 2505 625 2559 cepistis:
657 2505 772 2558 quod
793 2518 899 2557 opus
922 2504 999 2545 fuit
1020 2504 1190 2557 spiritus
1206 2502 1409 2557 maligni.’

845 2627 931 2680 [De
961 2626 1214 2679 advocatis]

350 2721 441 2772 (65)
477 2719 684 2760 Terribile
716 2724 783 2759 est
817 2718 934 2759 dictu
957 2723 1000 2758 et
1022 2718 1171 2757 auditu
1192 2716 1394 2757 horribile
1424 2716 1675 2769 exemplum
1697 2715 1812 2768 quod

267 2789 320 2829 de
361 2788 583 2842 Stephano
633 2793 794 2828 rectore
846 2786 1023 2827 ecclesie
1075 2786 1131 2826 de
1183 2785 1415 2827 Caldecote
1466 2785 1682 2838 reperitur.
1765 2783 1812 2823 In

268 2858 427 2912 Anglia
467 2857 676 2915 siquidem
718 2862 815 2898 sunt
866 2856 1005 2910 plures
1046 2854 1142 2895 ville
1183 2869 1361 2908 quarum
1392 2867 1550 2894 nomen
1584 2852 1816 2895 Caldecote

266 2927 513 2981 appellatur,
535 2932 599 2968 set
631 2927 739 2967 sicut
770 2925 1022 2974 invenimus,
1045 2924 1221 2978 quidam
1256 2923 1502 2977 Stephanus
1535 2923 1720 2971 nomine,
1744 2923 1814 2974 qui
