2052 3278
344 219 396 272 56
768 218 960 259 LIBER
994 217 1447 258 EXEMPLORUM

340 335 455 376 dicte
478 334 669 375 malefice
691 347 917 374 reservans
940 334 1082 374 hostie
1103 346 1222 373 sacre
1238 332 1502 386 particulam,
1520 330 1637 372 misit
1652 328 1695 368 in
1713 327 1876 368 dolium

338 405 439 446 vini.
501 403 581 445 Set
602 403 710 443 ultio
732 403 880 443 divina
903 416 990 443 non
1012 402 1158 452 defuit,
1181 409 1246 442 set
1262 402 1396 442 modo
1415 399 1609 447 mirabili,
1628 399 1699 450 pio
1717 403 1877 445 tamen,

340 472 476 513 affuit.
538 472 669 520 Nam,
693 472 868 524 quando
888 472 1037 511 vinum
1059 485 1181 512 suum
1203 471 1433 511 extrahere
1453 469 1590 510 voluit
1610 466 1666 506 ad
1687 466 1877 506 venden-

336 542 452 591 dum,
477 542 653 581 trahens
677 554 810 581 unam
832 540 1100 594 clepsedram
1122 547 1222 594 post
1243 540 1382 589 aliam,
1411 546 1459 580 ut
1484 537 1671 579 breviter
1698 535 1878 584 dicatur,

335 610 501 651 nullum
533 612 713 651 omnino
747 610 894 651 vinum
933 611 1105 664 reperit.
1167 610 1363 651 Turbata
1399 609 1526 663 igitur
1559 612 1602 646 et
1633 603 1879 671 stupefacta

335 693 424 719 non
448 679 681 729 modicum,
706 687 753 720 ut
779 679 940 721 certius
970 686 1170 721 eventum
1197 680 1457 734 exploraret,
1487 675 1652 729 accepit
1677 673 1877 715 baculum

336 749 650 802 peregrinalem
681 749 760 790 viri
789 751 853 790 sui
881 756 925 790 et
959 750 1075 791 misit
1109 751 1152 790 in
1184 749 1358 799 dolium,
1392 762 1471 789 nec
1502 746 1681 787 omnino
1706 749 1879 797 guttam

333 818 505 871 reperit,
547 824 613 859 set
654 819 891 860 extrahens
932 819 1145 870 baculum,
1185 819 1315 860 simul
1356 825 1400 859 et
1448 814 1700 871 particulam
1739 813 1880 853 hostie

336 894 623 928 memoratam
657 889 861 929 extraxit.
929 888 1076 941 Quam
1105 902 1296 938 cernens,
1326 894 1369 927 et
1397 887 1558 927 factum
1592 896 1717 924 suum
1745 881 1877 935 neph-

334 956 474 996 arium
520 957 574 997 ad
623 958 878 998 memoriam
926 971 1139 1008 revocans,
1182 957 1395 998 intellexit
1435 955 1629 996 divinam
1670 952 1879 992 ultionem

333 1023 523 1066 affuisse.
586 1025 773 1079 Accepit
820 1040 923 1080 ergo
973 1040 1140 1067 sacrum
1188 1026 1436 1079 symbolum
1484 1037 1582 1065 cum
1632 1023 1788 1062 timore
1834 1025 1879 1060 et

333 1095 592 1144 reverentia,
619 1101 663 1135 et
691 1096 871 1136 accessit
899 1096 952 1136 ad
987 1096 1265 1144 sacerdotem,
1298 1101 1342 1135 et
1375 1100 1600 1148 peccatum
1637 1103 1761 1132 suum
1797 1088 1878 1130 sibi

333 1176 433 1203 cum
460 1177 620 1217 magno
645 1164 797 1205 dolore
825 1165 965 1205 cordis
994 1164 1292 1206 confitebatur.
1354 1164 1442 1217 Qui
1470 1168 1674 1203 eventurn
1702 1160 1880 1200 audiens

332 1232 413 1272 sibi
445 1247 470 1272 a
507 1232 659 1274 seculis
695 1233 950 1284 inauditum,
987 1248 1077 1275 non
1117 1241 1182 1275 est
1222 1248 1348 1275 ausus
1385 1234 1553 1274 mulieri
1593 1229 1879 1286 penitenciam

333 1301 569 1354 imponere,
593 1303 666 1343 sed
700 1303 815 1343 dixit
846 1303 885 1342 ei
916 1309 964 1343 ut
992 1302 1145 1343 fratres
1177 1304 1326 1352 adiret,
1357 1302 1582 1342 consilium
1613 1299 1799 1340 securius
1836 1304 1879 1338 et

333 1370 545 1411 salubrius
569 1371 625 1411 ab
645 1372 706 1412 eis
724 1371 936 1413 habitura.
1000 1372 1097 1426 Que
1113 1372 1289 1413 veniens
1305 1373 1359 1413 ad
1378 1372 1553 1412 fratrem
1571 1369 1877 1418 Donekanum,

334 1438 516 1480 fratrem
539 1447 747 1491 nostrum,
771 1441 991 1482 humiliter
1010 1442 1047 1483 ei
1069 1442 1269 1482 confessa
1290 1447 1355 1482 est
1373 1456 1381 1491 3
1414 1447 1468 1491 et,
1487 1441 1591 1481 data
1607 1439 1880 1480 absolutione

334 1515 378 1550 et
420 1510 624 1562 imposita
674 1510 753 1552 sibi
805 1524 918 1564 pena
957 1511 1254 1561 satisfactoria,
1298 1525 1394 1552 cum
1436 1511 1491 1551 ad
1536 1510 1714 1551 domum
1757 1521 1877 1548 suam

333 1579 596 1631 repedasset,
626 1580 789 1620 intrans
825 1580 880 1620 ad
914 1580 1055 1621 locum
1088 1581 1159 1622 ubi
1196 1582 1325 1621 iacuit
1363 1580 1538 1629 dolium,
1569 1579 1732 1620 audivit
1767 1579 1880 1618 intra

333 1649 497 1690 dolium
525 1652 649 1703 quasi
677 1652 767 1691 vini
793 1651 997 1692 ferventis
1027 1666 1257 1693 susurrum.
1318 1652 1552 1706 Accipiens
1583 1664 1689 1704 ergo
1720 1650 1878 1702 clepse-

334 1717 434 1758 dras
466 1732 573 1771 quas
605 1720 720 1772 prius
752 1726 878 1761 extra
913 1721 1078 1762 dolium
1120 1722 1219 1775 [sol.
1255 1721 1351 1775 57b]
1392 1722 1624 1770 dimiserat,
1658 1719 1880 1760 foramini-

335 1786 413 1828 bus
451 1789 680 1841 impressit.
744 1789 805 1830 Et
840 1790 916 1830 vix
943 1792 1002 1831 ita
1031 1791 1226 1831 celeriter
1257 1792 1400 1845 potuit
1426 1790 1628 1832 obturare
1662 1789 1881 1830 foramina

335 1857 438 1909 quin
462 1857 610 1898 vinum
632 1858 844 1899 violenter
864 1860 1083 1913 erupisset.
1146 1860 1416 1913 Recuperato
1437 1860 1564 1913 igitur
1584 1861 1697 1909 vino,
1726 1858 1883 1899 merito

335 1927 630 1977 confessionis,
660 1929 776 1981 quod
805 1930 1018 1979 amiserat,
1054 1930 1109 1970 de
1146 1930 1302 1970 merito
1338 1930 1531 1970 malefice
1565 1929 1881 1970 commissionis

333 1997 500 2049 gracias
542 1997 630 2050 egit
664 1997 922 2051 benignitati
960 1999 1298 2042 Creatoris.—In
1329 2000 1411 2040 hoc
1452 2000 1658 2052 exemplo
1691 1999 1881 2039 ostendit

332 2065 457 2105 nobis
485 2066 704 2107 Dominus
732 2068 955 2109 evidenter
983 2082 1112 2121 quam
1145 2070 1198 2109 sit
1235 2083 1394 2122 magne
1429 2070 1597 2110 virtutis
1629 2082 1750 2109 sacra
1781 2082 1879 2108 con-

333 2133 463 2174 fessio
482 2149 489 2184 ;
524 2136 618 2188 ipsa
641 2137 861 2190 extinguit
881 2137 1065 2190 culpam,
1088 2139 1182 2192 ipsa
1203 2138 1410 2179 ultionem
1433 2139 1650 2192 extinguit
1671 2139 1876 2188 divinam,

332 2205 441 2244 sicut
469 2205 537 2244 hic
567 2206 701 2246 videri
730 2213 874 2259 potest
900 2209 1132 2248 evidenter.
1195 2209 1429 2261 Nunquam
1459 2210 1574 2248 enim
1611 2209 1758 2249 vinum
1788 2222 1881 2262 pre-

332 2273 495 2314 dictum
518 2288 575 2314 ex
597 2276 724 2328 culpa
738 2276 749 2298 1
772 2278 929 2317 merito
945 2277 1225 2318 confessionis
1247 2278 1392 2318 fuisset
1413 2284 1721 2331 recuperatum,
1738 2279 1819 2318 nisi
1836 2283 1879 2318 et

332 2347 560 2395 peccatum
613 2345 802 2385 eiusdem
855 2345 1132 2386 confessionis
1172 2353 1215 2387 et
1254 2347 1495 2399 penitencie
1537 2349 1692 2388 merito
1734 2347 1881 2388 fuisset

332 2411 591 2454 relaxatum.
658 2413 756 2454 Hoc
778 2415 1029 2468 exemplum
1055 2416 1185 2456 michi
1208 2416 1350 2457 retulit
1371 2416 1500 2456 frater
1521 2416 1604 2466 ille,
1629 2418 1701 2470 qui
1722 2416 1777 2457 ab
1806 2431 1879 2457 ore

332 2481 575 2522 domestice
597 2489 824 2535 pretaxate
844 2484 965 2524 huius
986 2485 1045 2525 rei
1068 2485 1259 2525 audierat
1278 2487 1516 2526 veritatem.
1579 2486 1706 2536 Sane,
1729 2487 1764 2526 si
1785 2487 1879 2539 quis

333 2549 488 2590 timeat
519 2565 585 2601 ne,
621 2554 910 2605 exprimendo
943 2558 1087 2594 totum
1116 2568 1274 2604 casum,
1303 2556 1532 2596 maliciosis
1566 2562 1611 2595 et
1642 2555 1769 2596 fatuis
1802 2555 1877 2595 det

332 2620 607 2660 occasionem
632 2621 745 2661 male
766 2623 922 2675 agendi
944 2624 985 2663 in
1014 2624 1299 2676 exprimendo
1328 2626 1638 2665 immissionem
1673 2624 1879 2678 particule

332 2700 449 2727 sacre
481 2689 625 2730 hostie
658 2690 701 2730 in
737 2691 913 2741 dolium,
944 2693 1044 2745 quia
1075 2693 1273 2733 videlicet
1305 2694 1506 2734 homines
1538 2696 1663 2747 proni
1693 2701 1791 2735 sunt
1821 2695 1876 2735 ad

334 2756 510 2808 malum,
535 2760 694 2812 poterit
716 2761 787 2813 qui
809 2761 1004 2810 voluerit,
1026 2762 1061 2802 si
1084 2762 1233 2802 melius
1256 2764 1489 2812 nesciverit,
1505 2763 1727 2804 articulum
1747 2766 1874 2804 istum

335 2839 409 2878 per
431 2828 562 2868 talem
588 2829 766 2869 modum
791 2843 1045 2882 proponere,
1068 2838 1113 2871 ut
1134 2832 1299 2872 dicatur
1319 2832 1464 2885 qu0d2
1488 2833 1638 2873 mulier
1658 2832 1730 2873 illa
1747 2833 1878 2873 male-

631 2918 641 2937 1
655 2919 783 2960 Supply
798 2919 956 2950 amissum
972 2921 987 2951 .³
1338 2921 1350 2941 2
1362 2922 1436 2953 MS.
1462 2933 1572 2964 quem.
