2052 3278
339 229 416 259 110
769 215 960 256 LIBER
994 215 1446 258 EXEMPLORUM

329 333 398 373 ille
426 332 589 373 socium
619 345 753 373 suum.
818 331 962 371 Movit
989 345 1129 371 sessor
1155 331 1328 372 alterius
1358 346 1515 373 coxam
1541 331 1660 381 illius,
1687 337 1730 372 et
1754 332 1875 372 iuxta

332 408 497 443 motum
520 402 609 442 eius
633 401 735 441 fecit
754 406 959 441 conatum
988 400 1042 440 ad
1068 400 1230 441 socium
1264 415 1398 443 suum.
1462 401 1578 454 Quid
1610 400 1784 441 dicam?
1815 401 1875 441 sic

332 471 568 512 movebant
582 472 791 511 demones
812 468 911 509 hinc
933 470 1034 510 inde
1057 470 1253 511 membra
1268 483 1418 511 eorum
1441 469 1593 523 quibus
1616 469 1876 519 insidebant,

332 541 391 581 ita
413 540 528 593 quod
550 539 680 580 nichil
701 539 894 579 fecerunt
921 537 1131 578 luctantes
1161 539 1276 592 quod
1298 553 1386 579 non
1410 553 1468 579 ex
1489 551 1638 578 eorum
1662 544 1783 578 motu
1804 551 1879 578 seu

332 610 500 650 visione
520 609 784 662 procederet.
850 607 1074 656 Sacerdos,
1095 608 1178 648 hoc
1199 608 1361 656 videns,
1383 609 1585 648 nimirum
1610 607 1780 647 territus
1812 613 1879 647 est

333 692 418 718 non
443 677 674 717 modicum.
737 676 1055 717 Nichilominus
1085 682 1231 717 tamen
1255 676 1333 717 ivit
1353 677 1406 717 ad
1429 676 1628 717 choream
1654 675 1725 716 ubi
1747 675 1877 716 etiam

333 747 572 787 intermixti
610 746 687 786 viri
724 760 821 786 cum
859 745 1107 786 mulieribus
1148 745 1350 786 choream
1392 745 1620 787 ducebant.
1683 745 1743 785 Et
1783 758 1881 785 ecce

333 816 442 857 vidit
484 815 661 869 singulis
697 816 798 856 viris
840 814 966 856 binos
1008 816 1216 856 demones
1253 815 1490 855 insidentes
1528 815 1637 855 sicut
1674 820 1717 854 et
1752 814 1877 855 binos

333 884 507 939 singulis
543 884 804 933 mulieribus,
836 890 878 924 et
915 884 1125 925 sedebant
1157 884 1313 937 singuli
1346 897 1474 937 super
1505 882 1671 937 singula
1703 882 1879 924 brachia

333 956 545 1008 cuiusque.
606 954 830 994 Demones
863 960 1009 994 autem
1042 953 1100 993 illi
1133 952 1371 994 movebant
1406 952 1577 993 brachia
1608 959 1651 993 et
1682 952 1880 993 membra

332 1024 611 1078 singulorum,
632 1030 721 1064 tam
745 1023 935 1063 virorum
958 1036 1089 1075 quam
1123 1022 1360 1072 mulierum,
1388 1023 1442 1063 ad
1477 1036 1629 1063 omnes
1662 1028 1806 1062 motus
1837 1028 1881 1063 et

333 1094 566 1147 vertigines
598 1106 704 1146 quas
735 1092 965 1133 faciebant.
1040 1092 1154 1146 Quid
1188 1092 1334 1145 plura?
1367 1099 1601 1145 postquam
1633 1091 1880 1145 aliquandiu

332 1164 394 1204 ita
437 1164 700 1203 incessanter
742 1177 767 1203 a
809 1161 1069 1202 demonibus
1111 1168 1255 1202 essent
1296 1162 1458 1214 agitati,
1499 1161 1610 1202 vidit
1651 1161 1880 1201 manifeste

332 1234 449 1287 quod
495 1246 602 1274 unus
643 1233 816 1282 demon,
860 1233 932 1285 qui
978 1230 1158 1272 sedebat
1199 1245 1327 1285 super
1371 1231 1594 1273 brachium
1637 1232 1760 1272 unius
1801 1231 1880 1271 viri

330 1304 497 1356 accepit
547 1315 723 1343 manum
766 1302 868 1351 eius,
909 1308 952 1341 et
996 1301 1101 1341 alius
1142 1300 1214 1353 qui
1261 1300 1438 1342 sedebat
1478 1315 1604 1354 super
1643 1301 1880 1351 brachium,

335 1372 524 1413 mulieris
560 1371 762 1412 habentis
806 1384 983 1410 manum
1027 1383 1149 1410 suam
1193 1370 1235 1409 in
1274 1383 1405 1410 manu
1440 1371 1518 1410 viri
1556 1370 1679 1419 illius,
1716 1370 1881 1423 accepit

333 1442 448 1483 illam
493 1455 669 1481 manum
713 1440 902 1481 mulieris
942 1440 1148 1488 eiusdem,
1189 1445 1234 1479 et
1275 1440 1517 1480 eduxerunt
1562 1453 1636 1480 eos
1681 1439 1750 1480 isti
1795 1439 1881 1479 duo

332 1512 541 1552 demones
586 1524 661 1563 per
707 1523 858 1550 manus
904 1523 1002 1550 suas
1050 1510 1104 1549 de
1149 1497 1317 1558 chorea,
1365 1515 1408 1549 et
1455 1509 1670 1549 duxerunt
1710 1522 1782 1548 eos
1825 1508 1881 1548 ad

332 1581 553 1634 quandam
602 1579 778 1620 fossam.
856 1579 955 1633 Quo
1001 1592 1097 1619 cum
1146 1578 1452 1632 pervenissent,
1493 1582 1797 1619 converterunt
1837 1592 1883 1618 se

330 1651 386 1691 ad
430 1663 536 1703 opus
576 1649 677 1689 illud
718 1648 998 1701 dyabolicum
1044 1649 1098 1689 ad
1142 1648 1259 1702 quod
1306 1647 1518 1701 dyabolus
1564 1661 1640 1689 eos
1686 1648 1883 1698 duxerat,

328 1727 372 1761 et
403 1719 593 1760 fecerunt
625 1718 681 1760 ibi
714 1719 826 1759 inter
857 1732 903 1759 se
933 1718 1256 1759 confussionem
1290 1731 1425 1760 suam.
1487 1716 1703 1759 Sacerdos
1735 1724 1880 1758 autem

331 1791 409 1830 ivit
436 1789 491 1830 ad
520 1789 677 1829 lectum
707 1802 829 1829 suum
856 1787 1119 1841 perterritUS,
1148 1793 1201 1837 et,
1231 1787 1406 1840 quando
1434 1787 1663 1840 evigilavit,
1693 1788 1882 1840 pessime

332 1859 591 1913 dispositum
623 1872 670 1899 se
702 1858 877 1899 invenit.
949 1857 1065 1911 Quid
1096 1860 1153 1908 [v]
1168 1857 1300 1898 ultis?
1331 1856 1374 1897 in
1407 1856 1525 1898 brevi
1556 1871 1644 1898 non
1677 1857 1883 1897 remansit

332 1930 369 1969 ei
407 1942 483 1969 nec
520 1928 628 1982 pilus
667 1928 709 1967 in
746 1927 888 1981 capite
927 1940 1006 1968 nec
1048 1928 1202 1980 unguis
1244 1933 1318 1967 aut
1360 1927 1481 1980 pellis
1522 1928 1566 1967 in
1608 1940 1803 1980 corpore,
1842 1933 1884 1967 et

332 2005 422 2039 tam
466 1998 587 2038 fortis
631 2011 729 2038 eum
775 1996 950 2037 morbus
994 1996 1217 2037 detinebat
1258 1997 1373 2049 quod
1416 2010 1493 2049 per
1537 2003 1678 2037 totum
1720 2009 1880 2037 annum

333 2068 452 2108 illum
487 2068 665 2108 missam
697 2067 912 2107 celebrare
942 2080 1031 2107 non
1057 2066 1244 2107 valebat.
1311 2065 1407 2106 Hec
1439 2065 1584 2106 retulit
1614 2067 1733 2107 dicto
1764 2066 1884 2107 fratri

334 2137 512 2190 quidam
550 2135 680 2176 frater
716 2136 770 2176 de
810 2136 960 2176 ordine
995 2134 1177 2184 illorum,
1215 2136 1286 2188 qui
1324 2135 1455 2175 etiarn
1497 2133 1605 2175 filius
1647 2141 1738 2176 erat
1775 2133 1885 2175 illius

334 2206 597 2256 sacerdotis;
660 2206 776 2246 idem
831 2205 961 2245 michi
1014 2205 1239 2246 referebat.
1319 2205 1514 2258 Explicit
1556 2205 1884 2258 exemplum.—

335 2276 483 2325 Vides,
521 2275 777 2324 Christiane,
811 2287 920 2327 quos
957 2273 1122 2314 habent
1163 2275 1366 2314 ductores
1403 2274 1650 2315 huiusmodi
1683 2274 1881 2315 ludorum

334 2345 690 2398 frequentatoreS,
728 2343 849 2383 vides
887 2343 1109 2396 quomodo
1145 2356 1220 2383 eos
1258 2342 1420 2383 ducunt
1459 2348 1502 2383 et
1542 2343 1596 2383 ad
1639 2342 1742 2396 quid
1783 2342 1884 2383 eosl

336 2416 492 2456 ducere
523 2412 803 2454 contendunt.

423 2486 540 2537 (192)
576 2482 732 2523 Adhuc
754 2488 897 2522 autem
927 2482 981 2522 de
1011 2482 1119 2522 ludis
1147 2480 1406 2521 inordinatis
1434 2482 1515 2522 hoc
1547 2480 1881 2535 pretereundum

337 2568 426 2594 non
459 2559 563 2607 puto
598 2551 714 2605 quod
751 2551 882 2592 frater
920 2551 1083 2599 Petrus,
1121 2550 1340 2603 quondam
1376 2549 1516 2591 socius
1553 2550 1745 2592 Concedi
1790 2550 1881 2602 (sic)

335 2622 577 2670 visitatoris,
608 2622 681 2674 qui
713 2626 756 2661 et
786 2620 930 2661 eidem
969 2625 1140 2661 mortuo
1173 2621 1378 2660 successit
1410 2619 1454 2660 in
1489 2619 1643 2668 officio,
1678 2619 1809 2660 michi
1842 2625 1886 2659 et

334 2691 593 2745 quibusdam
624 2689 824 2730 fratribus
846 2690 937 2730 aliis
961 2689 1141 2730 Dublini
1170 2690 1370 2729 narravit.
1433 2689 1561 2729 Dixit
1592 2689 1737 2742 itaque
1768 2688 1884 2741 quod

336 2761 379 2800 in
401 2760 538 2814 patria
560 2773 647 2810 sua,
669 2758 868 2800 videlicet
889 2759 932 2799 in
956 2758 1106 2807 Dacia,
1128 2759 1393 2798 consuetudo
1420 2758 1520 2810 [fol.
1537 2760 1637 2809 95⁶2]
1671 2763 1736 2798 est
1757 2757 1884 2810 quod,

333 2829 507 2883 quando
545 2829 740 2870 mulieres
777 2829 916 2869 iacent
957 2827 999 2867 in
1038 2828 1275 2881 puerperio,
1315 2827 1454 2869 solent
1493 2827 1641 2868 venire
1684 2826 1885 2867 mulieres

1027 2923 1037 2941 1
1052 2923 1126 2954 MS.
1145 2932 1196 2954 eo.
