2052 3278
550 261 634 301 DE
669 261 911 303 MORTIS
946 261 1251 303 MEMORIA
1587 271 1662 313 125

132 384 227 417 tuas
255 377 389 418 reddo
419 374 529 418 tibi’.
593 375 652 416 Et
673 377 731 417 sic
754 377 916 418 factum
938 377 1146 418 est—Ex
1175 378 1257 419 hoc
1288 379 1491 432 exemplo
1523 379 1668 419 videre

132 458 358 498 possumus
379 445 494 499 quod
515 445 586 498 qui
608 446 942 487 misericordiam
974 446 1156 487 inimicis
1188 446 1408 497 exhibent,
1432 447 1669 488 amiciciam

134 514 217 554 Dei
258 521 302 555 et
335 515 464 568 ipsius
499 514 760 555 adiutorium
802 516 998 568 optinere
1039 523 1266 557 merentur.
1330 516 1388 557 Et
1419 516 1517 557 ideo
1559 516 1670 557 bene

136 582 311 623 dicitur:
346 584 478 624 Beati
497 583 798 632 misericordes,
818 590 898 625 etc.
1686 590 1770 619 Mat.
1787 599 1818 626 v,
1838 596 1869 627 7.

225 654 344 705 (212)
376 652 642 705 Exemplum
685 640 824 692 adhuc
861 654 1098 694 admodum
1141 653 1279 694 simile
1318 655 1429 694 inter
1468 654 1849 707 exemplaExempla

135 722 385 762 communia
405 722 610 774 scriptum
634 721 770 773 reperi
793 721 835 760 in
857 722 971 762 hunc
1004 723 1192 764 modum.
1255 724 1354 763 Duo
1369 724 1526 764 milites
1551 729 1672 763 erant
1685 702 1871 783 gffissi'affi,

135 791 176 830 in
213 790 358 830 Ytalia
389 804 570 843 quorum
604 803 723 838 unus,
757 795 910 842 potens
943 796 986 830 et
1020 792 1158 831 maior
1194 793 1290 842 alio,
1318 793 1506 834 habebat
1536 798 1674 833 castra

136 859 243 900 sicut
265 873 358 900 mos
379 866 443 900 est
475 861 517 899 in
539 859 609 899 illa
639 864 763 899 terra.
828 859 946 900 Inter
980 873 1088 912 quos
1119 874 1215 901 cum
1249 868 1362 902 esset
1399 875 1557 915 magna
1593 861 1676 901 dis-

137 929 291 978 sensio,
333 929 454 969 miles
487 929 558 981 qui
591 928 770 968 minoris
800 934 890 968 erat
926 929 1136 981 potencie,
1168 928 1259 970 vice
1299 931 1486 983 quadarn
1525 937 1676 970 nactus

138 1000 486 1052 oportunitatem,
509 999 564 1039 de
586 996 759 1038 castello
780 1011 856 1038 suo
879 1000 1029 1052 erupit,
1052 1005 1096 1039 et
1116 1000 1278 1039 irruens
1306 1001 1349 1039 in
1381 1001 1675 1040 adversarium

139 1081 262 1108 suum
281 1069 534 1121 impetuose,
556 1080 701 1108 coram
725 1069 810 1108 suis
833 1069 973 1121 ipsum
1003 1069 1203 1108 atrociter
1224 1069 1452 1117 interemit,
1475 1075 1527 1117 et,
1551 1081 1678 1109 sanus

139 1150 341 1186 reversus,
382 1135 568 1176 firmavit
607 1136 829 1178 castellum
861 1150 985 1177 suurn
1029 1143 1072 1177 et
1113 1137 1170 1178 ibi
1213 1138 1372 1178 mansit
1408 1139 1451 1178 in
1483 1138 1679 1191 presidio.

141 1205 275 1245 Filius
294 1211 439 1245 autem
461 1205 606 1245 militis
628 1206 838 1247 interfecti
858 1220 956 1246 cum
979 1212 1109 1259 gente
1131 1219 1208 1247 sua
1243 1208 1492 1260 expectavit
1514 1208 1678 1247 exitum

141 1275 230 1315 eius
252 1280 298 1314 ut
318 1274 437 1314 illum
460 1274 718 1315 interficeret
735 1275 897 1328 absque
913 1275 998 1315 ulla
1016 1275 1308 1318 miseracione.
1374 1275 1423 1316 In
1444 1277 1514 1317 die
1536 1282 1680 1316 autem

142 1357 397 1397 parasceues
419 1344 529 1384 illius
551 1345 665 1394 anni,
697 1357 795 1384 curn
829 1345 885 1385 de
918 1344 1095 1385 castello
1126 1358 1202 1385 suo
1224 1346 1485 1398 prospiciens
1518 1346 1682 1385 videret

140 1412 340 1454 homines
357 1413 531 1467 patri[e]
553 1413 662 1453 illius
680 1414 769 1453 sine
785 1413 1085 1463 calciamentis,
1106 1420 1152 1453 ut
1167 1415 1299 1455 moris
1312 1421 1390 1465 est,
1410 1414 1464 1455 ad
1486 1414 1684 1455 ecclesias

143 1495 385 1536 properare,
416 1483 625 1534 cogitavit
656 1482 768 1522 intra
798 1496 844 1523 se
876 1483 991 1535 quod
1024 1489 1068 1522 et
1103 1483 1194 1535 ipse
1223 1481 1283 1523 ita
1314 1482 1484 1533 faceret,
1516 1483 1683 1523 etiamsi

143 1553 279 1592 occidi
301 1551 487 1593 deberet.
546 1551 785 1592 Descendit
816 1552 944 1604 igitur
974 1557 1017 1592 et
1050 1552 1196 1601 exivit,
1230 1553 1310 1592 iter
1337 1566 1516 1605 carpens
1535 1566 1685 1593 versus

143 1621 341 1661 ecclesias
377 1622 484 1661 sicut
524 1627 568 1661 et
607 1621 690 1662 alii.
760 1620 820 1661 Et
860 1634 959 1661 ecce
998 1621 1081 1661 hoc
1121 1634 1356 1674 agnoscens
1393 1621 1503 1662 filius
1539 1622 1686 1662 militis

146 1690 303 1730 mortui
323 1691 443 1731 irruit
464 1691 506 1730 in
528 1703 627 1730 eum
650 1690 1056 1743 etvcomprehendit,
1079 1697 1125 1730 ut
1146 1704 1244 1731 eum
1267 1705 1344 1744 pro
1378 1698 1517 1732 morte
1553 1691 1686 1744 patris

145 1758 249 1812 [fol.
275 1758 397 1812 103b]
419 1759 481 1799 sui
505 1760 701 1800 mercede
724 1760 873 1799 mortis
895 1766 1198 1801 remuneraret.
1262 1759 1388 1800 Miles
1405 1774 1518 1814 ergo,
1535 1761 1688 1801 videns

146 1829 299 1868 seiam
322 1829 364 1868 in
387 1829 595 1869 extremis
616 1834 830 1881 agentem,
863 1828 1026 1868 nullum
1060 1829 1298 1869 remedium
1332 1830 1515 1883 reperire
1547 1830 1688 1882 potuit

146 1910 288 1950 neque
310 1897 446 1939 scivit.
513 1897 762 1937 Humilians
785 1911 890 1951 ergo
912 1911 957 1937 se
980 1898 1224 1939 adversario
1238 1911 1326 1947 suo,
1345 1900 1512 1952 rogavit
1528 1911 1626 1939 eum
1646 1904 1690 1938 et

150 1965 388 2006 obsecravit
411 1966 624 2019 quatinus,
652 1979 730 2019 pro
750 1967 913 2019 pietate
934 1973 978 2006 et
1011 1973 1153 2006 morte
1187 1966 1285 2007 Iesu
1316 1966 1485 2017 Christi,
1518 1968 1590 2020 qui
1622 1968 1693 2007 die

151 2034 223 2075 illo
246 2048 324 2088 pro
346 2035 469 2076 nobis
492 2041 685 2076 mortuus
708 2040 783 2085 est,
818 2041 1002 2075 mortem
1037 2035 1116 2076 sibi
1151 2037 1288 2089 patris
1321 2037 1381 2076 sui
1411 2037 1689 2078 condonaret.

155 2102 329 2142 Iuvenis
371 2108 528 2151 autem,
571 2102 770 2142 instinctu
821 2102 991 2156 spiritus
1041 2103 1174 2143 sancti
1216 2104 1270 2144 ad
1303 2103 1415 2144 hanc
1455 2103 1688 2144 salvificam

152 2171 460 2212 salutacionem
493 2185 566 2212 seu
592 2172 959 2212 admiracionem1
991 2173 1152 2225 pietate
1182 2180 1436 2222 commotus,
1458 2174 1623 2214 remisit
1653 2174 1692 2213 ei

154 2240 481 2281 misericorditer
502 2247 685 2281 mortem
710 2241 842 2294 patris
867 2242 939 2283 sui.
1004 2240 1202 2294 Cumque
1223 2249 1449 2295 pergerent
1480 2243 1605 2283 simul
1637 2244 1690 2283 ad

153 2309 375 2350 ecclesiam
417 2316 464 2350 ut
502 2323 669 2350 crucem
721 2311 962 2360 adorarent,
995 2317 1038 2350 et
1076 2310 1240 2351 iuvenis
1280 2325 1326 2351 se
1362 2310 1607 2352 humiliaret
1638 2313 1691 2352 ad

152 2393 320 2419 crucem
361 2380 710 2429 deosculandam,
752 2393 914 2434 ymago
963 2379 1165 2430 crucifixi,
1215 2381 1346 2421 clavis
1395 2395 1600 2422 manuum
1646 2395 1696 2422 ac

155 2449 315 2501 pedum
338 2447 585 2498 dissolutis,2
607 2462 708 2501 erga
728 2463 825 2489 eum
849 2449 930 2502 [se]
953 2451 1092 2489 erexit
1122 2450 1176 2489 ad
1208 2450 1412 2498 osculum,
1444 2451 1487 2490 in
1523 2451 1692 2503 signum

156 2517 460 2570 acceptationis
496 2518 784 2558 misericordie
824 2532 966 2571 quam,
998 2533 1076 2572 pro
1113 2525 1252 2559 morte
1292 2532 1378 2569 sua,
1408 2519 1581 2560 inimico
1618 2533 1697 2559 suo

157 2586 280 2626 militi
303 2585 467 2639 prefato
498 2586 766 2628 exhibuerat.

667 2700 750 2750 (De
773 2700 923 2740 mortis
948 2701 1187 2750 memoria.)

245 2790 364 2841 (213)
400 2789 500 2830 Non
523 2796 587 2830 est
609 2796 752 2830 autem
785 2791 961 2831 silencio
995 2792 1325 2844 pretereundum
1358 2793 1473 2844 quod
1508 2795 1697 2833 narravit

158 2858 294 2909 nobis,
329 2859 488 2900 scilicet
510 2859 653 2899 multis
674 2859 874 2900 fratribus
893 2859 1037 2909 Cork.,
1060 2859 1189 2900 frater
1212 2860 1445 2901 Nicholaus
1466 2862 1520 2902 de
1543 2863 1697 2915 Aquis,

493 2949 504 2968 1
517 2949 612 2981 Corr.
630 2949 907 2981 adiuracionem?
1038 2949 1050 2968 2
1066 2951 1141 2982 MS.
1169 2949 1363 2982 dissolutus.
