2052 3278
768 197 771 199 ’
794 223 879 263 DE
914 221 1090 264 GULA
1658 232 1709 275 95

169 341 306 390 fuerit,
339 346 458 394 patet
488 354 544 380 ex
574 338 824 379 narracione
854 338 969 391 quod
1002 337 1247 378 notabiliter
1278 338 1399 390 potui
1430 336 1712 386 deserviebat,

168 410 284 450 unde
318 411 480 462 absque
512 409 642 449 dubio
675 413 851 460 potator
887 407 965 447 fuit
999 420 1048 446 ac
1081 420 1156 459 per
1187 406 1270 446 hoc
1303 412 1396 446 tota
1430 407 1622 446 narracio
1658 406 1714 445 de

169 485 368 531 potatore
389 479 577 531 quodam
600 475 718 517 salva
739 477 922 515 veritate
945 476 1130 528 proponi
1152 481 1297 528 potest
1315 476 1357 514 in
1375 475 1487 514 hunc
1505 475 1683 515 modum
1703 491 1709 516 :

169 547 388 587 —Narrat
421 547 541 587 Beda
577 544 762 585 terribile
798 543 1048 596 exemplum
1087 544 1141 583 de
1172 545 1361 596 quodam
1396 550 1607 597 potatore,
1641 544 1712 596 qui

168 615 351 657 libenter
371 622 541 669 tempus
563 628 684 655 suum
707 615 750 653 in
772 612 1070 665 potacionibus
1098 613 1383 666 expendebat.
1447 612 1713 653 Procedente

167 698 269 725 vero
291 691 495 738 tempore,
519 684 715 724 molestia
734 683 924 734 corporis
944 695 1167 734 percussus
1199 682 1254 722 ad
1287 688 1484 721 extrema
1505 681 1711 721 deductus

166 760 241 794 est.
302 753 589 795 Venientibus
620 758 765 792 autem
788 750 1035 791 hominibus
1057 752 1166 790 circa
1188 765 1297 800 eum,
1319 756 1365 791 ut
1388 751 1519 790 moris
1542 756 1713 790 est—et

166 823 249 864 hoc
271 824 369 864 dico
389 823 489 876 quia
510 823 659 863 fratres
682 834 788 874 quos
809 821 981 861 vocavit
1002 820 1200 860 homines
1230 820 1634 861 fuerunt—merens
1667 826 1711 860 et

166 893 408 946 dampnato
427 892 575 932 similis
591 891 783 931 narravit
803 889 917 942 quod
940 889 1048 929 vidit
1071 888 1231 929 inferos
1253 895 1428 941 apertos
1446 904 1454 939 ;
1490 894 1532 928 et
1552 888 1711 941 reliqua

167 962 393 1014 sequencia
416 962 524 1001 sicut
544 961 702 1012 scripta
725 965 824 999 sunt
846 959 888 998 in
910 958 1017 998 serie
1037 959 1298 998 narracionis
1320 970 1454 1010 usque
1481 958 1534 997 ad
1568 957 1708 998 finem.

166 1029 213 1071 Si
235 1037 381 1070 autem
405 1030 642 1082 predicatur
662 1027 880 1081 religiosis,
903 1033 995 1067 tota
1016 1028 1212 1066 narracio
1234 1026 1331 1079 [fol.
1351 1026 1451 1079 S5a]
1473 1027 1707 1066 secundum

165 1099 318 1138 seriem
341 1112 461 1138 suam
484 1098 598 1138 utilis
619 1098 707 1138 erit.

251 1168 371 1221 (156)
406 1167 531 1208 Nunc
563 1174 705 1207 autem
739 1165 960 1219 quomodo
994 1164 1206 1218 dyabolus
1242 1172 1308 1206 est
1341 1178 1437 1205 cum
1467 1164 1626 1218 gulosis
1663 1173 1706 1206 et
1722 1173 1773 1205 Cf.
1791 1173 1889 1211 V.P.‚

163 1238 375 1290 optimum
398 1243 461 1278 est
482 1237 718 1277 remedium
741 1241 891 1276 contra
921 1235 1003 1275 hoc
1033 1235 1200 1283 vicium,
1222 1235 1355 1274 videri
1377 1240 1521 1287 potest
1542 1235 1706 1287 optime
1719 1217 1923 1301 {sganisng

164 1320 239 1359 per
261 1306 507 1360 exemplum
530 1306 642 1359 quod
669 1306 823 1359 legitur
845 1305 887 1344 in
919 1305 1046 1345 Vitas
1082 1304 1261 1344 Patrum
1293 1305 1336 1343 in
1374 1304 1486 1344 hunc
1516 1304 1702 1344 modum.
1722 1304 1767 1345 (p·
1785 1304 1873 1346 571)-

164 1375 397 1429 Quendam
434 1375 784 1431 impungnabant
815 1375 1025 1415 demones
1056 1380 1103 1414 ut
1133 1374 1281 1413 statim
1313 1374 1419 1414 hora
1451 1374 1536 1413 diei
1568 1374 1708 1426 prima

161 1450 330 1486 tantam
356 1445 514 1486 famem
538 1452 582 1486 et
610 1443 902 1485 defeccionem
933 1445 1022 1483 eius
1050 1443 1212 1496 corpori
1237 1441 1429 1483 facerent
1459 1448 1506 1482 ut
1536 1443 1708 1496 penitus

161 1515 371 1554 sustinere
391 1527 479 1555 non
502 1520 657 1567 posset.
719 1512 905 1553 Dicebat
926 1519 1071 1553 tamen
1093 1512 1136 1552 in
1157 1511 1286 1552 corde
1308 1526 1393 1561 suo,
1410 1512 1528 1565 quod
1552 1512 1706 1564 ‘quali-

162 1589 410 1636 tercumque
432 1588 602 1636 oportet
625 1596 695 1622 me
716 1582 782 1622 vel
810 1595 943 1634 usque
974 1582 1027 1621 ad
1059 1581 1212 1621 horam
1241 1581 1416 1621 terciam
1453 1588 1707 1633 exspectare

160 1658 203 1691 et
225 1657 323 1691 tunc
343 1652 485 1692 cibum
507 1664 673 1692 sumere
692 1651 713 1692 ’.
775 1651 912 1691 Facta
934 1657 1080 1691 autem
1098 1650 1205 1690 hora
1228 1655 1271 1701 3Ξι
1289 1651 1443 1690 iterum
1461 1649 1704 1702 cogitabat:

162 1723 169 1740 ‘
188 1719 338 1760 Eciam
375 1734 487 1760 nunc
520 1714 709 1773 oportet*
735 1733 804 1760 me
839 1733 972 1772 usque
1005 1720 1058 1759 ad
1093 1720 1195 1759 vitam
1235 1725 1467 1771 expectare
1483 1718 1500 1759 '.
1581 1718 1619 1757 H
1628 1732 1704 1758 ora

160 1795 304 1829 autem
326 1796 452 1830 sexta
473 1789 725 1830 infundebat
747 1802 904 1841 panem
927 1790 968 1828 in
992 1802 1103 1841 aqua
1120 1789 1268 1829 dicens
1290 1804 1298 1830 :
1322 1792 1328 1808 ‘
1348 1788 1465 1828 Dum
1489 1788 1557 1827 hic
1580 1789 1703 1840 panis

159 1857 392 1898 infunditur
409 1865 581 1911 oportet
595 1873 665 1899 me
678 1859 773 1898 ixam
793 1864 1026 1911 expectare
1039 1858 1060 1898 ².
1123 1858 1256 1898 Facta
1273 1864 1417 1898 autem
1436 1858 1543 1897 hora
1557 1858 1621 1897 ixa
1639 1871 1701 1897 se-

157 1928 344 1968 cundum
374 1928 729 1968 consuetudinem
760 1927 1055 1980 compleverat
1085 1927 1307 1967 oraciones
1340 1932 1384 1966 et
1417 1927 1476 1965 sic
1497 1927 1702 1966 comedit.

162 1995 355 2049 Cumque
376 1997 458 2036 hoc
486 1997 559 2037 diu
590 1997 834 2050 pertulisset
865 2002 908 2036 et
939 1997 1126 2049 quadam
1161 1996 1231 2036 die
1264 1996 1371 2035 hora
1403 1995 1468 2035 ixa
1484 2001 1530 2035 ut
1556 2008 1700 2035 come-

158 2066 279 2105 deret
300 2066 492 2115 sedisset,
515 2067 631 2107 videt
651 2067 706 2107 de
728 2072 887 2120 sporta,
910 2065 979 2106 ubi
1001 2080 1136 2119 panes
1169 2072 1291 2106 erant
1327 2066 1516 2118 repositi,
1538 2064 1699 2105 fumum

159 2147 365 2187 magnum
387 2136 622 2176 surrexisse
643 2142 686 2176 et
708 2150 784 2189 per
804 2135 1040 2176 fenestram
1062 2135 1213 2176 cellule
1244 2135 1332 2175 eius
1353 2148 1572 2187 egressum
1595 2148 1699 2175 esse.

162 2203 312 2256 Itaque
333 2218 390 2244 ex
410 2204 483 2245 illo
504 2205 575 2245 die
596 2218 676 2245 nec
697 2206 842 2245 esuriit
864 2219 942 2245 nec
975 2204 1160 2245 defectio
1187 2204 1358 2257 corpori
1380 2204 1469 2243 eius
1490 2202 1603 2243 facta
1624 2209 1699 2243 est.

160 2271 238 2312 Set
273 2273 411 2325 magis
444 2273 588 2326 itaque
623 2273 948 2314 corroboratum
978 2280 1043 2314 est
1071 2274 1113 2313 in
1143 2273 1228 2313 fide
1260 2279 1306 2312 ut
1340 2273 1472 2312 etiam
1509 2286 1588 2312 nec
1622 2286 1699 2324 per

158 2342 334 2383 biduum
351 2343 584 2383 delectaret
614 2356 712 2383 eum
734 2342 874 2383 cibum
897 2343 1100 2396 accipere.
1162 2342 1358 2395 Explicit
1379 2341 1640 2394 exemplum.

245 2411 284 2464 (Ι
296 2413 363 2463 57)
401 2412 520 2452 Inter
539 2413 745 2465 exempla
764 2426 867 2452 vero
887 2413 1136 2453 communia
1157 2412 1239 2452 hoc
1272 2410 1523 2463 exemplum
1561 2410 1699 2463 reperi
1714 2418 1881 2458 Exempla

156 2480 354 2520 videlicet
374 2482 488 2533 quod
511 2482 596 2521 duo
626 2483 702 2521 viri
734 2482 889 2522 divites
921 2495 1070 2522 amore
1104 2487 1251 2521 mutuo
1286 2479 1550 2520 confederati
1587 2480 1699 2519 inter
1711 2462 1872 2547 ξίζῗξῗω

156 2562 202 2589 se
223 2550 479 2602 pepigerunt
500 2551 612 2603 quod
635 2551 874 2604 quicunque
895 2563 1043 2591 eorum
1067 2551 1195 2591 cicius
1221 2554 1459 2590 moreretur
1479 2549 1695 2601 superstiti

156 2624 314 2658 statum
346 2632 467 2658 suum
504 2619 735 2660 intimaret.
816 2620 924 2660 Erat
963 2633 1070 2660 unus
1111 2632 1273 2668 avaru5‚
1313 2618 1420 2657 alter
1460 2617 1695 2657 admodum

156 2687 357 2728 ebriosus.
419 2686 611 2740 Contigit
631 2694 772 2729 autem
795 2695 841 2729 ut
872 2694 1108 2730 moreretur
1138 2689 1254 2741 prius
1285 2686 1485 2727 ebriosus.
1547 2686 1631 2739 Qui
1654 2692 1697 2727 et

156 2756 227 2796 die
247 2757 436 2808 quodam
459 2757 501 2796 in
524 2757 620 2797 loco
640 2764 803 2798 secreto
825 2759 941 2798 socio
962 2758 1177 2811 superstiti
1198 2755 1404 2797 deformis
1420 2755 1546 2795 valde
1567 2761 1697 2808 atque

157 2825 237 2866 hor
257 2824 358 2878 [fol.
377 2827 401 2867 8
408 2824 475 2879 5b]
492 2825 625 2866 ribilis
647 2827 855 2879 apparuit.
918 2827 1164 2879 Requisitus
1186 2832 1330 2865 autem
1353 2838 1377 2864 a
1398 2825 1489 2864 viro
1509 2838 1581 2864 cur
1596 2824 1693 2864 talis

156 2899 269 2933 esset
290 2900 333 2934 et
353 2899 443 2934 tam
461 2894 683 2944 horribilis,
700 2894 853 2935 duxit1
870 2909 966 2935 eum
989 2896 1031 2936 in
1054 2895 1195 2935 locum
1214 2894 1340 2934 valde
1361 2892 1603 2933 deformem
1622 2892 1692 2934 ubi

818 2973 830 2992 1
844 2973 918 3005 MS.
936 2973 1029 3004 dixit.
