2052 3278
128 382 213 415 Mat.
232 393 262 420 V,
279 392 309 422 3.

122 592 202 623 Vita
219 593 254 624 S.

122 636 214 667 Ioan-

123 680 264 717 Eleem„

342 194 397 244 76
778 193 970 234 LIBER
1002 193 1457 236 EXEMPLORUM

342 308 459 349 Nam
481 310 628 350 omnia
648 309 762 351 bona
781 323 857 349 sua
889 308 1148 362 pauperibus
1169 309 1301 360 dedit,
1323 316 1366 351 et
1386 311 1563 352 tandem
1597 310 1688 363 ipse
1709 323 1890 363 pauper-

338 379 469 419 rimus
491 392 569 432 pro
593 378 765 420 Christo
787 378 887 431 [fol.
918 377 1018 432 71b]
1048 378 1227 419 effectus
1258 385 1334 429 est,
1358 379 1524 421 habens
1557 380 1642 419 iam
1676 380 1888 432 premium

338 447 448 487 veris
479 447 737 500 promissum
770 447 1039 501 pauperibus,
1069 449 1170 501 quia
1211 448 1325 489 beati
1352 456 1564 502 pauperes
1597 447 1766 500 spiritu,
1805 454 1886 490 ete.

339 516 529 569 Explicit
550 517 819 569 exemplum.

423 585 547 638 (127)
579 585 738 626 Adhuc
773 591 949 626 sanctus
984 585 1194 627 Iohannes
1226 588 1447 641 patriarca,
1483 588 1591 627 sicut
1621 585 1816 626 scribitur
1846 586 1889 626 in

336 656 423 694 vita
463 669 550 703 sua,
592 655 720 695 duxit
760 655 978 708 quendam
1020 656 1282 710 episcopum,
1333 657 1509 697 nomine
1560 655 1784 703 Troillum,
1833 655 1887 695 ad

123 732 197 762 cap.
220 723 261 759 ix,
279 723 320 754 cf.
335 723 573 764 visitandos
603 738 824 778 pauperes
846 739 954 778 quos
975 725 1067 778 ipse
1088 728 1344 767 sustentavit
1365 727 1408 766 in
1427 738 1586 779 magna
1603 724 1889 766 multitudine.

121 766 219 803 V.P.,
239 767 254 797 I

122 808 168 850 (εκ
189 811 310 852 193-4)·

104 2762 193 2794 Ibid.
214 2772 287 2803 cap.

103 2818 134 2844 x,
151 2807 251 2843 V.P.‚
273 2807 285 2836 1

105 2850 150 2891 (p·
172 2851 256 2892 195)-

337 793 396 833 Et
416 793 459 833 in
480 800 648 835 tantum
671 795 907 848 predicavit
938 796 976 835 ei
998 802 1041 835 et
1072 795 1314 836 sollicitavit
1338 796 1394 836 ad
1423 808 1614 836 amorem
1637 806 1887 848 pauperum,

336 865 453 918 quod
477 865 594 906 idem
616 865 841 919 episcopus
873 880 974 906 xxx
997 865 1127 907 libras
1149 867 1239 906 auri
1269 864 1533 919 pauperibus
1556 864 1638 904 illis
1660 863 1889 905 distribuit.

338 933 530 975 Rediens
571 949 675 976 vero
717 936 943 989 episcopus
980 936 1052 976 ille
1092 936 1148 975 ad
1184 936 1423 988 hospicium
1461 948 1584 975 suum
1616 940 1661 974 et
1695 932 1888 974 recolens

333 1004 683 1045 distribucionem
699 1006 788 1045 auri
806 1018 937 1058 quam
951 1005 1399 1059 fecerat,cogitansque
1413 1018 1459 1045 se
1472 1010 1639 1045 tantam
1656 1004 1885 1056 pecuniam

335 1074 581 1127 perdidisse,
603 1076 718 1128 cepit
739 1075 850 1115 intra
872 1089 918 1116 se
948 1076 1134 1128 graviter
1154 1075 1321 1116 anxiari
1353 1076 1396 1115 in
1430 1080 1601 1115 tantum
1627 1074 1744 1127 quod
1767 1073 1888 1127 gravi

332 1143 447 1184 febre
467 1151 686 1198 correptus
708 1151 785 1187 est.
852 1144 1036 1186 Sanctus
1067 1152 1213 1185 autem
1245 1145 1454 1198 patriarca
1475 1150 1675 1185 eventum
1707 1143 1889 1184 audiens

332 1219 375 1253 et
407 1226 582 1254 causam
615 1213 860 1267 intelligens
893 1214 1080 1254 surrexit
1111 1214 1198 1254 cito
1232 1220 1275 1255 et
1316 1227 1412 1255 eum
1443 1213 1646 1263 visitavit,
1679 1211 1813 1253 verba
1847 1213 1886 1253 ei

332 1296 578 1336 proponens
614 1282 876 1324 edificatoria
911 1297 1042 1336 quam
1075 1283 1273 1336 plurima.
1340 1284 1457 1324 inter
1490 1297 1574 1336 que
1604 1289 1647 1323 et
1678 1282 1758 1322 hec
1789 1282 1886 1324 sub-

331 1352 492 1393 iunxit:
546 1352 723 1393 ‘Frater
774 1354 845 1402 mi,
878 1352 1104 1406 pecuniam
1145 1366 1276 1406 quam
1318 1352 1445 1406 paulo
1484 1358 1585 1393 ante
1627 1351 1885 1405 pauperibus

330 1422 526 1475 erogasti,
550 1435 632 1475 ego
666 1428 875 1476 tanquam
910 1428 1106 1463 mutuum
1130 1428 1335 1476 reputans
1356 1422 1435 1463 tibi
1465 1420 1736 1462 restituam’:
1767 1421 1884 1474 quod

330 1496 373 1530 et
394 1490 504 1531 fecit.
568 1491 815 1544 Suscipiens
846 1505 949 1545 ergo
973 1492 1198 1545 pecuniam
1222 1492 1383 1545 recepit
1412 1492 1559 1532 statim
1581 1489 1811 1531 sanitatem
1842 1497 1886 1531 et

328 1566 479 1601 sancto
502 1562 714 1614 patriarce
746 1562 901 1602 multas
933 1561 1254 1602 benedictiones
1288 1563 1546 1615 imprecatus
1578 1569 1656 1605 est.
1719 1560 1886 1603 Volens

328 1635 473 1671 autem
517 1630 757 1672 misericors
799 1631 918 1672 Deus
969 1637 1012 1672 et
1061 1631 1174 1672 hunc
1213 1631 1446 1685 aliquando
1497 1638 1674 1685 paterna
1723 1631 1885 1684 pietate

327 1699 540 1753 corripere
573 1707 616 1741 et
650 1701 704 1741 ad
740 1701 921 1755 gratiam
956 1702 1268 1755 compassionis
1303 1707 1345 1741 et
1377 1701 1681 1742 liberalitatum
1704 1701 1882 1754 erigere,

327 1769 517 1810 ostendit
557 1772 595 1811 ei
630 1772 674 1811 in
710 1772 903 1825 sompnis
941 1777 1038 1824 post
1075 1772 1303 1825 prandium
1340 1771 1573 1812 dormienti
1605 1784 1690 1825 qua
1724 1785 1770 1811 se
1806 1785 1884 1824 per

326 1840 558 1881 avariciam
582 1842 780 1882 mercede
800 1842 1024 1894 privasset.
1086 1840 1211 1882 Vidit
1243 1842 1369 1891 enim,
1392 1847 1438 1882 ut
1459 1842 1529 1890 ait,
1552 1841 1730 1882 domum
1764 1842 1883 1882 cuius

327 1909 690 1961 pulchritudinem
706 1917 749 1952 et
763 1912 1108 1964 magnitudinem
1126 1925 1194 1951 ars
1210 1911 1434 1951 hominum
1451 1911 1608 1951 imitari
1623 1923 1708 1951 non
1726 1917 1880 1963 potest,

326 1983 369 2018 et
391 1978 566 2020 ianuam
590 1985 728 2021 totam
749 1994 921 2021 auream
939 1988 982 2021 et
999 1995 1126 2034 supra
1143 1982 1315 2021 ianuam
1338 1980 1540 2021 circulum
1564 1980 1879 2033 conscriptum:

328 2050 336 2066 ‘
354 2046 527 2089 Mansio
556 2056 707 2090 eterna
738 2056 781 2090 et
812 2051 981 2103 requies
1004 2050 1140 2090 Troili
1170 2050 1362 2103 episcopi
1377 2047 1398 2090 '.
1463 2049 1574 2091 Cum
1601 2049 1682 2089 hoc
1708 2049 1881 2103 legisset

326 2129 486 2171 magno
520 2119 706 2172 repletus
728 2126 793 2160 est
814 2121 983 2174 gaudiO,
1006 2134 1184 2174 sperans
1211 2119 1450 2161 certissime
1481 2121 1597 2173 quod
1631 2121 1669 2161 ei
1701 2121 1879 2162 domum

324 2185 442 2227 illam
486 2188 715 2229 donaverit
750 2190 998 2243 imperator.
1064 2190 1179 2230 Ecce
1218 2195 1364 2230 autem
1408 2190 1585 2242 quidam
1626 2189 1880 2231 festinanter

324 2257 561 2298 adveniens
579 2259 700 2299 iussit
721 2259 882 2312 deponi
906 2259 1081 2300 titulum
1105 2264 1237 2312 atque
1255 2259 1410 2299 mutari
1433 2265 1477 2299 et
1497 2258 1628 2300 alium
1652 2259 1882 2313 super[s0l.

324 2326 567 2380 72a]scribi‚
585 2342 715 2381 quem
740 2329 857 2369 misit
879 2343 958 2369 rex
980 2329 1097 2370 orbis
1115 2336 1337 2369 terrarum.
1399 2328 1563 2369 Ablato
1586 2329 1717 2383 igitur
1737 2329 1877 2380 titulo,

324 2398 560 2449 aspiciente
593 2398 752 2448 Troilo,
778 2399 936 2439 affixus
957 2405 1025 2439 est
1047 2399 1155 2439 alius
1175 2400 1357 2452 scriptus
1379 2399 1459 2439 ita:
1495 2401 1504 2418 ‘
1523 2399 1698 2439 Mansio
1729 2405 1877 2440 eterna

322 2471 365 2505 et
387 2467 557 2519 requies
583 2467 791 2508 Iohannis
808 2467 1121 2522 archiepiscopi
1145 2467 1421 2509 Alexandrie
1436 2474 1584 2522 empta
1605 2467 1723 2508 libris
1745 2482 1845 2509 xxx
1860 2468 1876 2508 ¹.

323 2535 433 2576 Cum
467 2536 638 2577 Troilus
662 2538 721 2577 ita
743 2538 935 2588 vidisset,
958 2541 1145 2580 surrexit
1166 2552 1192 2578 a
1213 2552 1398 2592 sompno
1419 2544 1462 2579 et
1483 2544 1634 2579 sancto
1665 2539 1876 2592 patriarce

320 2619 403 2658 que
419 2607 584 2647 viderat
606 2609 832 2656 enarravit,
851 2614 894 2648 et
911 2624 967 2650 ex
989 2608 1070 2648 hoc
1088 2608 1215 2649 valde
1236 2608 1465 2662 proficiens
1484 2608 1723 2649 misericors
1738 2608 1875 2648 factus

320 2674 594 2716 elimosinam
618 2677 840 2717 adamavit
859 2684 902 2718 et
924 2679 1115 2719 studiose
1135 2679 1320 2731 gratiam
1344 2677 1611 2718 liberalitatis
1632 2677 1835 2719 exercuit.

407 2744 526 2796 (128)
563 2745 672 2787 Cum
705 2747 982 2799 vectigalium
1015 2754 1239 2788 exactores
1272 2747 1379 2787 sicut
1410 2747 1608 2788 scribitur
1638 2748 1680 2787 in
1717 2747 1871 2788 eadem

318 2814 405 2853 vita
440 2815 691 2867 quendam1
723 2815 909 2869 graviter
946 2823 1232 2870 perurgerent,
1267 2818 1308 2857 in
1344 2823 1464 2857 arcto
1496 2818 1672 2870 positus,
1704 2829 1729 2856 a
1765 2815 1874 2857 duce

950 2906 961 2925 1
981 2907 1055 2938 MS.
1076 2906 1256 2948 quandam.
