2052 3278
616 273 701 314 DE
737 275 1241 317 MERCATORIBUS
1616 288 1690 318 121

152 388 394 439 predicator
435 402 490 428 ne
532 394 751 441 peccatum
796 392 912 444 quod
956 398 1047 432 erat
1088 405 1216 432 causa
1258 391 1404 432 diluvii
1447 406 1525 432 nec
1564 393 1694 433 etiam

153 464 374 508 peccatum
409 456 704 498 Sodomorum
737 465 882 511 aperte
906 466 1087 514 tanguat
1115 460 1203 512 (sic)
1224 475 1233 511 ;
1261 461 1337 501 sed
1364 466 1593 514 utrumque
1621 476 1695 514 ap-

154 525 285 577 pellat
306 526 373 567 vel
396 532 618 579 peccatum
641 528 778 568 carnis
799 528 866 568 vel
895 536 1121 582 peccatum
1151 529 1343 570 luxurie:
1377 529 1494 583 quod
1516 530 1692 583 quidem

156 607 302 635 verum
335 602 411 637 est.
804 650 806 653 ι

247 667 362 716 (207)
399 666 514 707 Inter
553 664 755 718 exempla
791 679 895 706 vero
936 667 1124 708 Deodati
1166 668 1246 708 hoc
1282 667 1412 708 etiarn
1450 681 1578 721 super
1614 669 1695 709 hac
1711 675 1874 718 Exempla

157 736 339 776 materia
361 736 509 789 reperi.
552 733 743 788 Quidam
766 735 928 775 iuvenis
950 735 1134 788 puellam
1157 735 1345 777 nobilem
1367 749 1518 778 amans
1540 736 1694 787 illicite,
1709 720 1797 795 ἓᾶἶῗζ

154 817 251 845 cum
293 804 479 857 quadam
515 809 639 845 nocte
674 803 842 843 veniret
875 804 929 843 ad
967 817 1183 845 cameram
1225 806 1268 845 in
1309 819 1395 858 qua
1434 806 1611 855 iacebat,
1652 812 1696 847 et

155 873 210 912 ad
242 887 337 914 eam
371 874 528 913 intrare
555 871 684 913 vellet
716 885 836 912 more
866 871 1005 922 solito,
1038 873 1129 925 ipsa
1156 874 1307 914 videns
1338 888 1435 914 eum
1467 875 1693 917 clamavit:

153 941 220 982 ‘A
243 942 285 983 A
308 942 374 982 A!
405 941 517 994 fuge,
549 940 708 982 demon
722 940 741 983 '.
803 940 1025 994 Siquidem
1058 942 1284 983 videbatur
1312 942 1351 982 ei
1384 943 1502 997 quod
1535 943 1696 985 demon

155 1017 256 1052 erat.
322 1011 421 1064 Ipse
451 1024 557 1051 vero
589 1011 745 1051 timore
780 1023 1001 1063 percussus
1037 1012 1222 1052 recessit.
1283 1010 1480 1065 Cumque
1513 1013 1697 1053 venisset

154 1079 208 1119 ad
251 1092 407 1132 equum
449 1091 584 1127 suum,
624 1078 733 1132 fugit
772 1091 905 1131 equus
945 1092 1069 1120 cursu
1104 1079 1266 1133 rapido.
1328 1081 1514 1122 Vocavit
1549 1088 1693 1122 autem

154 1148 208 1188 ad
242 1161 288 1188 se
318 1148 535 1201 quendam
566 1161 719 1188 canem
749 1161 878 1200 quem
908 1147 1110 1198 habebat,
1143 1148 1246 1201 [fol.
1283 1149 1436 1203 101a]1
1467 1151 1539 1203 qui
1568 1151 1695 1191 simili

152 1217 309 1257 timore
339 1229 559 1269 percussus
591 1222 635 1257 et
663 1216 840 1257 horrore
866 1215 1058 1270 fugiebat
1088 1217 1143 1258 ab
1172 1232 1226 1258 eo
1256 1219 1509 1272 impetuose.
1571 1219 1695 1261 Tunc

149 1285 392 1338 intelligens
424 1298 469 1326 se
500 1298 583 1326 non
614 1299 708 1326 esse
739 1287 782 1326 in
811 1292 927 1327 statu
956 1286 1081 1337 bono,
1109 1287 1163 1327 ad
1193 1289 1409 1340 quendam
1442 1301 1488 1329 se
1514 1289 1694 1330 contulit

149 1356 414 1404 heremitam,
455 1361 501 1395 ut
543 1356 790 1396 ostenderet
829 1357 867 1396 ei
907 1356 1011 1409 quid
1053 1357 1091 1396 ei
1132 1356 1354 1399 acciderat.
1417 1358 1558 1411 Quem
1596 1372 1693 1399 cum

150 1425 327 1466 vidisset
349 1426 561 1466 heremita
579 1427 814 1466 coniuravit
842 1439 939 1466 eum
969 1432 1177 1479 tanquam
1207 1426 1438 1468 demonem
1469 1434 1515 1468 ut
1543 1428 1692 1471 exiret.

152 1494 238 1548 Qui
266 1495 406 1535 noluit
433 1499 498 1535 set
527 1495 695 1547 rogavit
725 1508 822 1535 eum
853 1501 900 1535 ut
926 1496 1056 1535 etiam
1086 1496 1128 1535 in
1154 1496 1294 1549 ipsum
1317 1496 1462 1537 oculos
1482 1510 1567 1537 non
1595 1498 1693 1538 diri-

148 1577 256 1617 gens
288 1563 453 1603 audiret
483 1562 795 1604 confessionem
833 1577 980 1605 suam:
1015 1565 1132 1617 quod
1162 1572 1206 1605 et
1236 1564 1345 1607 fecit.
1407 1565 1692 1608 Confessione

147 1646 251 1672 vero
282 1639 454 1685 peracta
474 1645 571 1673 cum
594 1634 822 1686 respiceret
842 1633 896 1674 ad
921 1632 1035 1675 illum
1068 1635 1278 1675 heremita
1298 1635 1454 1687 reperit
1485 1636 1625 1687 ipsum
1647 1637 1690 1676 in

148 1701 296 1742 debita
317 1701 450 1742 forma
472 1715 559 1743 sua.
623 1702 722 1743 Hoc
753 1704 940 1755 pertinet
960 1703 1015 1743 ad
1038 1703 1289 1752 luxuriosos
1311 1705 1398 1757 qui,
1419 1710 1594 1758 peccata
1615 1719 1691 1746 sua

148 1773 339 1814 confiteri
368 1772 627 1822 differentes,
648 1772 808 1813 similes
830 1773 1087 1815 demonibus
1108 1772 1359 1815 efficiuntur.
1423 1775 1522 1815 Hoc
1543 1781 1689 1816 autem

148 1842 399 1895 exemplum
423 1840 604 1894 reliquid
627 1841 759 1882 frater
779 1841 833 1881 de
853 1841 1099 1895 Wycumbe
1119 1842 1162 1882 in
1185 1842 1452 1884 sermonibus
1473 1843 1572 1886 suis.

238 1913 354 1961 (208)
389 1910 521 1951 Aliud
542 1911 791 1964 exemplum
825 1911 879 1951 de
909 1912 1071 1952 eisdem
1094 1911 1300 1965 [reliquit]
1323 1912 1454 1953 frater
1478 1913 1688 1954 Iordanus
1703 1926 1819 1957 Frater

146 1981 364 2033 quondam
406 1981 609 2033 magister
651 1980 812 2021 ordinis
851 1981 1180 2034 predicatorum.
1257 1981 1367 2022 Cum
1410 1983 1622 2034 quesisset
1661 1969 1877 2044 ago-{ianua

146 2048 333 2090 demone
353 2049 542 2102 quodam
575 2064 652 2103 per
680 2063 727 2090 os
758 2050 1023 2103 energumini
1055 2049 1258 2103 loquente
1289 2051 1475 2103 quedam
1497 2052 1552 2092 de
1572 2058 1688 2092 statu

147 2131 236 2167 suo,
253 2119 293 2158 id
313 2125 377 2158 est
392 2118 444 2158 de
465 2124 580 2159 statu
601 2118 791 2172 dyaboli,
810 2119 985 2160 tandem
1004 2121 1129 2160 istam
1148 2120 1419 2172 questionem
1436 2122 1684 2173 proposuit:

148 2187 326 2241 ‘Quare
361 2187 519 2240 inquid,
552 2192 721 2228 tantum
758 2188 1032 2229 delectamini
1068 2189 1111 2228 in
1148 2188 1285 2228 fetore
1324 2194 1599 2241 peccatorum
1640 2195 1685 2230 et

147 2254 314 2296 luxuria
345 2255 596 2310 precipue?’
650 2257 724 2297 ‘In
756 2257 928 2298 civitate
960 2271 1118 2310 magna
1148 2264 1248 2298 sunt
1276 2257 1473 2298 homines
1503 2259 1556 2298 ad
1589 2272 1686 2312 pur-

145 2325 311 2377 gandas
333 2325 504 2366 latrinas
527 2333 570 2367 et
592 2328 834 2368 maximum
857 2329 1052 2370 senciunt
1074 2329 1255 2370 fetorem
1272 2346 1281 2380 ;
1304 2331 1378 2371 sed
1401 2331 1481 2371 hoc
1503 2329 1688 2370 libenter

146 2395 358 2434 sustinent
391 2401 567 2448 propter
601 2409 805 2449 magnum
840 2397 1000 2438 lucrum
1034 2399 1150 2451 quod
1184 2400 1285 2440 inde
1320 2406 1555 2453 reportant.
1622 2398 1687 2439 Ita

146 2468 188 2502 et
219 2476 297 2503 nos
327 2477 530 2517 magnum
565 2465 774 2506 sentimus
806 2466 988 2507 fetorem
1023 2468 1077 2507 de
1105 2469 1332 2509 animabus
1365 2467 1683 2522 peccatricibus,

144 2537 209 2571 set
249 2532 484 2585 gaudemus
524 2533 578 2573 de
619 2534 745 2583 lucro,
788 2536 888 2588 quia
934 2537 1079 2577 anima
1122 2539 1340 2590 peccatrix
1380 2538 1497 2579 cibus
1537 2540 1602 2576 est
1642 2542 1685 2577 et

143 2600 316 2641 refectio
346 2600 515 2642 nostra.¹

689 2711 774 2763 (De
805 2712 1136 2765 mercatoribus.)

230 2800 354 2854 (209)
386 2799 654 2854 Exemplum
685 2802 875 2843 notabile
905 2803 1086 2857 legimus
1118 2806 1159 2845 in
1190 2806 1279 2845 vita
1309 2805 1447 2845 sancti
1482 2804 1684 2845 Iohannis
1697 2805 1781 2879 ΕΞ
1794 2804 1828 2835 S.

143 2869 359 2909 Patriarce
382 2870 423 2909 in
445 2868 557 2909 hunc
589 2871 780 2912 modum.
842 2872 1077 2913 Nauclerus
1108 2874 1284 2926 quidam
1317 2874 1556 2927 dampnum
1590 2888 1683 2927 per·
1699 2891 1882 2928 Eleemos,

619 2959 681 2989 1111
699 2960 829 3001 margin
848 2961 907 2992 ‘de
924 2962 1174 2993 fornicatoribus
1189 2962 1207 2994 ⁵.
1697 2944 1834 3008 {salgi}
1847 2976 1892 3017 (p,
