<?xml version="1.0" encoding="UTF-8"?>
<!DOCTYPE html PUBLIC "-//W3C//DTD XHTML 1.0 Transitional//EN"
    "http://www.w3.org/TR/xhtml1/DTD/xhtml1-transitional.dtd">
<html xmlns="http://www.w3.org/1999/xhtml" xml:lang="en" lang="en">
 <head>
  <title>
</title>
<meta http-equiv="Content-Type" content="text/html;charset=utf-8" />
  <meta name='ocr-system' content='tesseract 3.04.00' />
  <meta name='ocr-capabilities' content='ocr_page ocr_carea ocr_par ocr_line ocrx_word'/>
</head>
<body>
  <div class='ocr_page' id='page_1' title='image "./liberexemploruma00litt_0146.png"; bbox 0 0 2052 3278; ppageno 0'>
   <div class='ocr_carea' id='block_1_1' title="bbox 121 963 294 1039">
    <p class='ocr_par' dir='ltr' id='par_1_1' title="bbox 121 963 294 1039">
     <span class='ocr_line' id='line_1_1' title="bbox 121 963 294 1003; baseline 0 -9"><span class='ocrx_word' id='word_1_1' title='bbox 121 963 162 996; x_wconf 84' lang='lat' dir='ltr'><strong>V.</strong></span> <span class='ocrx_word' id='word_1_2' title='bbox 169 965 202 997; x_wconf 84' lang='lat' dir='ltr'><strong>P.</strong></span> <span class='ocrx_word' id='word_1_3' title='bbox 209 990 216 1003; x_wconf 94' lang='lat'>,</span> <span class='ocrx_word' id='word_1_4' title='bbox 233 964 294 1002; x_wconf 86' lang='lat' dir='ltr'><strong>VI,</strong></span> 
     </span>
     <span class='ocr_line' id='line_1_2' title="bbox 122 1007 232 1039; baseline 0.009 -1"><span class='ocrx_word' id='word_1_5' title='bbox 122 1007 232 1039; x_wconf 87' lang='lat' dir='ltr'><strong>Verba</strong></span> 
     </span>
    </p>
   </div>
   <div class='ocr_carea' id='block_1_2' title="bbox 350 223 1459 266">
    <p class='ocr_par' dir='ltr' id='par_1_2' title="bbox 350 223 1459 266">
     <span class='ocr_line' id='line_1_3' title="bbox 350 223 1459 266; baseline 0.003 -3"><span class='ocrx_word' id='word_1_6' title='bbox 350 224 427 264; x_wconf 86' lang='lat'><strong>108</strong></span> <span class='ocrx_word' id='word_1_7' title='bbox 781 224 973 264; x_wconf 86' lang='lat' dir='ltr'><strong>LIBER</strong></span> <span class='ocrx_word' id='word_1_8' title='bbox 1006 223 1459 266; x_wconf 90' lang='lat' dir='ltr'><strong>EXEMPLORUM</strong></span> 
     </span>
    </p>
   </div>
   <div class='ocr_carea' id='block_1_3' title="bbox 334 338 1886 1019">
    <p class='ocr_par' dir='ltr' id='par_1_3' title="bbox 334 338 1886 947">
     <span class='ocr_line' id='line_1_4' title="bbox 340 338 1886 393; baseline 0.001 -14"><span class='ocrx_word' id='word_1_9' title='bbox 340 338 437 392; x_wconf 81' lang='lat' dir='ltr'><em>[fol.</em></span> <span class='ocrx_word' id='word_1_10' title='bbox 480 339 579 393; x_wconf 80' lang='lat' dir='ltr'><em>93b]</em></span> <span class='ocrx_word' id='word_1_11' title='bbox 631 345 762 392; x_wconf 89' lang='lat' dir='ltr'><strong>atque</strong></span> <span class='ocrx_word' id='word_1_12' title='bbox 802 339 1113 392; x_wconf 83' lang='lat' dir='ltr'>stultiloquium</span> <span class='ocrx_word' id='word_1_13' title='bbox 1154 352 1242 380; x_wconf 90' lang='lat' dir='ltr'><strong>non</strong></span> <span class='ocrx_word' id='word_1_14' title='bbox 1281 341 1525 382; x_wconf 82' lang='lat' dir='ltr'>declinavit.</span> <span class='ocrx_word' id='word_1_15' title='bbox 1609 340 1706 380; x_wconf 91' lang='lat' dir='ltr'><strong>Hec</strong></span> <span class='ocrx_word' id='word_1_16' title='bbox 1758 341 1886 393; x_wconf 86' lang='lat' dir='ltr'><strong>igitur</strong></span> 
     </span>
     <span class='ocr_line' id='line_1_5' title="bbox 339 408 1883 462; baseline 0.001 -14"><span class='ocrx_word' id='word_1_17' title='bbox 339 408 541 449; x_wconf 88' lang='lat' dir='ltr'><strong>defuncta</strong></span> <span class='ocrx_word' id='word_1_18' title='bbox 572 415 702 462; x_wconf 88' lang='lat' dir='ltr'><strong>atque</strong></span> <span class='ocrx_word' id='word_1_19' title='bbox 740 411 783 449; x_wconf 93' lang='lat' dir='ltr'><strong>in</strong></span> <span class='ocrx_word' id='word_1_20' title='bbox 816 409 993 449; x_wconf 89' lang='lat' dir='ltr'><strong>ecclesia</strong></span> <span class='ocrx_word' id='word_1_21' title='bbox 1033 409 1201 462; x_wconf 88' lang='lat' dir='ltr'><strong>sepulta</strong></span> <span class='ocrx_word' id='word_1_22' title='bbox 1239 416 1317 453; x_wconf 84' lang='lat' dir='ltr'><strong>est.</strong></span> <span class='ocrx_word' id='word_1_23' title='bbox 1381 411 1524 451; x_wconf 82' lang='lat' dir='ltr'><strong>Nocte</strong></span> <span class='ocrx_word' id='word_1_24' title='bbox 1555 415 1700 450; x_wconf 90' lang='lat' dir='ltr'><strong>autern</strong></span> <span class='ocrx_word' id='word_1_25' title='bbox 1731 410 1883 451; x_wconf 88' lang='lat' dir='ltr'><strong>eadem</strong></span> 
     </span>
     <span class='ocr_line' id='line_1_6' title="bbox 336 478 1885 531; baseline 0.001 -14"><span class='ocrx_word' id='word_1_26' title='bbox 336 482 477 517; x_wconf 83' lang='lat' dir='ltr'><strong>custos</strong></span> <span class='ocrx_word' id='word_1_27' title='bbox 519 479 708 519; x_wconf 89' lang='lat' dir='ltr'><strong>eiusdem</strong></span> <span class='ocrx_word' id='word_1_28' title='bbox 751 478 929 519; x_wconf 82' lang='lat' dir='ltr'><strong>ecclesie</strong></span> <span class='ocrx_word' id='word_1_29' title='bbox 968 491 1044 531; x_wconf 92' lang='lat' dir='ltr'><strong>per</strong></span> <span class='ocrx_word' id='word_1_30' title='bbox 1083 479 1394 520; x_wconf 88' lang='lat' dir='ltr'><strong>revelacionem</strong></span> <span class='ocrx_word' id='word_1_31' title='bbox 1427 479 1534 519; x_wconf 88' lang='lat' dir='ltr'><strong>vidit</strong></span> <span class='ocrx_word' id='word_1_32' title='bbox 1565 479 1664 531; x_wconf 82' lang='lat' dir='ltr'><strong>quia</strong></span> <span class='ocrx_word' id='word_1_33' title='bbox 1700 479 1885 519; x_wconf 84' lang='lat' dir='ltr'><strong>deducta</strong></span> 
     </span>
     <span class='ocr_line' id='line_1_7' title="bbox 339 547 1884 601; baseline 0.002 -16"><span class='ocrx_word' id='word_1_34' title='bbox 339 552 441 586; x_wconf 84' lang='lat' dir='ltr'><strong>ante</strong></span> <span class='ocrx_word' id='word_1_35' title='bbox 480 547 615 587; x_wconf 87' lang='lat' dir='ltr'><strong>altare</strong></span> <span class='ocrx_word' id='word_1_36' title='bbox 654 561 730 600; x_wconf 89' lang='lat' dir='ltr'><strong>per</strong></span> <span class='ocrx_word' id='word_1_37' title='bbox 771 547 961 588; x_wconf 90' lang='lat' dir='ltr'><strong>medium</strong></span> <span class='ocrx_word' id='word_1_38' title='bbox 1001 547 1238 598; x_wconf 84' lang='lat' dir='ltr'><strong>secabatur,</strong></span> <span class='ocrx_word' id='word_1_39' title='bbox 1280 555 1324 589; x_wconf 88' lang='lat' dir='ltr'><strong>et</strong></span> <span class='ocrx_word' id='word_1_40' title='bbox 1365 562 1464 601; x_wconf 89' lang='lat' dir='ltr'><strong>pars</strong></span> <span class='ocrx_word' id='word_1_41' title='bbox 1506 561 1592 588; x_wconf 89' lang='lat' dir='ltr'><strong>una</strong></span> <span class='ocrx_word' id='word_1_42' title='bbox 1633 548 1745 588; x_wconf 91' lang='lat' dir='ltr'><strong>illius</strong></span> <span class='ocrx_word' id='word_1_43' title='bbox 1785 549 1884 601; x_wconf 85' lang='lat' dir='ltr'><strong>igne</strong></span> 
     </span>
     <span class='ocr_line' id='line_1_8' title="bbox 337 616 1883 670; baseline 0.001 -15"><span class='ocrx_word' id='word_1_44' title='bbox 337 616 622 666; x_wconf 79' lang='lat' dir='ltr'><strong>cremabatur,</strong></span> <span class='ocrx_word' id='word_1_45' title='bbox 659 630 758 670; x_wconf 84' lang='lat' dir='ltr'><strong>pars</strong></span> <span class='ocrx_word' id='word_1_46' title='bbox 794 624 941 657; x_wconf 90' lang='lat' dir='ltr'><strong>autem</strong></span> <span class='ocrx_word' id='word_1_47' title='bbox 979 617 1115 658; x_wconf 91' lang='lat' dir='ltr'><strong>altera</strong></span> <span class='ocrx_word' id='word_1_48' title='bbox 1151 619 1316 658; x_wconf 88' lang='lat' dir='ltr'><strong>intacta</strong></span> <span class='ocrx_word' id='word_1_49' title='bbox 1354 618 1576 658; x_wconf 84' lang='lat' dir='ltr'><strong>remansit.</strong></span> <span class='ocrx_word' id='word_1_50' title='bbox 1655 616 1765 658; x_wconf 90' lang='lat' dir='ltr'><strong>Cum</strong></span> <span class='ocrx_word' id='word_1_51' title='bbox 1803 617 1883 657; x_wconf 89' lang='lat' dir='ltr'><strong>hoc</strong></span> 
     </span>
     <span class='ocr_line' id='line_1_9' title="bbox 336 685 1885 737; baseline 0.001 -13"><span class='ocrx_word' id='word_1_52' title='bbox 336 698 513 737; x_wconf 78' lang='lat' dir='ltr'><strong>surgens</strong></span> <span class='ocrx_word' id='word_1_53' title='bbox 555 700 684 726; x_wconf 89' lang='lat' dir='ltr'><strong>mane</strong></span> <span class='ocrx_word' id='word_1_54' title='bbox 724 685 927 727; x_wconf 89' lang='lat' dir='ltr'><strong>fratribus</strong></span> <span class='ocrx_word' id='word_1_55' title='bbox 971 694 1164 728; x_wconf 85' lang='lat' dir='ltr'><strong>narraret</strong></span> <span class='ocrx_word' id='word_1_56' title='bbox 1204 694 1248 728; x_wconf 86' lang='lat' dir='ltr'><strong>et</strong></span> <span class='ocrx_word' id='word_1_57' title='bbox 1290 688 1430 728; x_wconf 88' lang='lat' dir='ltr'><strong>locum</strong></span> <span class='ocrx_word' id='word_1_58' title='bbox 1473 686 1605 727; x_wconf 88' lang='lat' dir='ltr'><strong>vellet</strong></span> <span class='ocrx_word' id='word_1_59' title='bbox 1656 687 1885 727; x_wconf 89' lang='lat' dir='ltr'><strong>ostendere</strong></span> 
     </span>
     <span class='ocr_line' id='line_1_10' title="bbox 336 754 1886 809; baseline 0.001 -16"><span class='ocrx_word' id='word_1_60' title='bbox 336 754 378 793; x_wconf 89' lang='lat' dir='ltr'><strong>in</strong></span> <span class='ocrx_word' id='word_1_61' title='bbox 407 767 492 806; x_wconf 89' lang='lat' dir='ltr'><strong>quo</strong></span> <span class='ocrx_word' id='word_1_62' title='bbox 513 754 648 795; x_wconf 88' lang='lat' dir='ltr'><strong>fuerat</strong></span> <span class='ocrx_word' id='word_1_63' title='bbox 681 756 779 808; x_wconf 88' lang='lat' dir='ltr'><strong>igne</strong></span> <span class='ocrx_word' id='word_1_64' title='bbox 809 762 1077 808; x_wconf 86' lang='lat' dir='ltr'><strong>consumpta,</strong></span> <span class='ocrx_word' id='word_1_65' title='bbox 1101 757 1195 809; x_wconf 90' lang='lat' dir='ltr'><strong>ipsa</strong></span> <span class='ocrx_word' id='word_1_66' title='bbox 1215 756 1392 796; x_wconf 89' lang='lat' dir='ltr'><strong>flamme</strong></span> <span class='ocrx_word' id='word_1_67' title='bbox 1422 755 1666 796; x_wconf 82' lang='lat' dir='ltr'><strong>combustio</strong></span> <span class='ocrx_word' id='word_1_68' title='bbox 1694 755 1756 795; x_wconf 90' lang='lat' dir='ltr'><strong>ita</strong></span> <span class='ocrx_word' id='word_1_69' title='bbox 1783 761 1886 795; x_wconf 90' lang='lat' dir='ltr'><strong>ante</strong></span> 
     </span>
     <span class='ocr_line' id='line_1_11' title="bbox 335 823 1884 878; baseline 0.001 -15"><span class='ocrx_word' id='word_1_70' title='bbox 335 823 471 864; x_wconf 90' lang='lat' dir='ltr'><strong>altare</strong></span> <span class='ocrx_word' id='word_1_71' title='bbox 492 824 533 863; x_wconf 89' lang='lat' dir='ltr'><strong>in</strong></span> <span class='ocrx_word' id='word_1_72' title='bbox 548 824 836 865; x_wconf 86' lang='lat' dir='ltr'><strong>marmoribus</strong></span> <span class='ocrx_word' id='word_1_73' title='bbox 852 826 1062 878; x_wconf 87' lang='lat' dir='ltr'><strong>apparuit,</strong></span> <span class='ocrx_word' id='word_1_74' title='bbox 1076 839 1124 866; x_wconf 92' lang='lat' dir='ltr'><strong>ac</strong></span> <span class='ocrx_word' id='word_1_75' title='bbox 1146 825 1180 865; x_wconf 92' lang='lat' dir='ltr'><strong>si</strong></span> <span class='ocrx_word' id='word_1_76' title='bbox 1199 826 1282 865; x_wconf 92' lang='lat' dir='ltr'><strong>illic</strong></span> <span class='ocrx_word' id='word_1_77' title='bbox 1299 825 1452 866; x_wconf 90' lang='lat' dir='ltr'><strong>eadem</strong></span> <span class='ocrx_word' id='word_1_78' title='bbox 1468 824 1630 865; x_wconf 89' lang='lat' dir='ltr'><strong>femina</strong></span> <span class='ocrx_word' id='word_1_79' title='bbox 1647 837 1857 877; x_wconf 90' lang='lat' dir='ltr'><strong>corporeo</strong></span> <span class='ocrx_word' id='word_1_80' title='bbox 1870 823 1884 847; x_wconf 79' lang='lat'>1</span> 
     </span>
     <span class='ocr_line' id='line_1_12' title="bbox 334 893 911 947; baseline 0.003 -14"><span class='ocrx_word' id='word_1_81' title='bbox 334 893 485 933; x_wconf 87' lang='lat' dir='ltr'><strong>fuisset</strong></span> <span class='ocrx_word' id='word_1_82' title='bbox 506 895 606 947; x_wconf 85' lang='lat' dir='ltr'><strong>igne</strong></span> <span class='ocrx_word' id='word_1_83' title='bbox 626 901 911 936; x_wconf 82' lang='lat' dir='ltr'><strong>concremata.</strong></span> 
     </span>
    </p>

    <p class='ocr_par' dir='ltr' id='par_1_4' title="bbox 421 963 1884 1019">
     <span class='ocr_line' id='line_1_13' title="bbox 421 963 1884 1019; baseline 0 -15"><span class='ocrx_word' id='word_1_84' title='bbox 421 964 541 1017; x_wconf 84' lang='lat'><em>(188)</em></span> <span class='ocrx_word' id='word_1_85' title='bbox 578 964 705 1005; x_wconf 89' lang='lat' dir='ltr'><strong>Nunc</strong></span> <span class='ocrx_word' id='word_1_86' title='bbox 735 971 880 1006; x_wconf 90' lang='lat' dir='ltr'><strong>autem</strong></span> <span class='ocrx_word' id='word_1_87' title='bbox 913 972 1119 1018; x_wconf 85' lang='lat' dir='ltr'><strong>quantum</strong></span> <span class='ocrx_word' id='word_1_88' title='bbox 1147 971 1403 1019; x_wconf 89' lang='lat' dir='ltr'><strong>promoveat</strong></span> <span class='ocrx_word' id='word_1_89' title='bbox 1435 965 1478 1005; x_wconf 89' lang='lat' dir='ltr'><strong>in</strong></span> <span class='ocrx_word' id='word_1_90' title='bbox 1510 965 1578 1004; x_wconf 90' lang='lat' dir='ltr'><strong>via</strong></span> <span class='ocrx_word' id='word_1_91' title='bbox 1610 963 1884 1017; x_wconf 89' lang='lat' dir='ltr'><strong>perfectionis</strong></span> 
     </span>
    </p>
   </div>
   <div class='ocr_carea' id='block_1_4' title="bbox 122 1032 1882 1092">
    <p class='ocr_par' dir='ltr' id='par_1_5' title="bbox 122 1032 1882 1092">
     <span class='ocr_line' id='line_1_14' title="bbox 122 1032 1882 1092; baseline 0 -19"><span class='ocrx_word' id='word_1_92' title='bbox 122 1033 539 1092; x_wconf 65' lang='lat' dir='ltr'><strong>Sen.,iii,17hOssCStaS</strong></span> <span class='ocrx_word' id='word_1_93' title='bbox 575 1035 821 1084; x_wconf 84' lang='lat' dir='ltr'><strong>locucionis,</strong></span> <span class='ocrx_word' id='word_1_94' title='bbox 852 1049 1181 1075; x_wconf 88' lang='lat' dir='ltr'><strong>commonemur</strong></span> <span class='ocrx_word' id='word_1_95' title='bbox 1216 1034 1424 1088; x_wconf 90' lang='lat' dir='ltr'><strong>exemplo</strong></span> <span class='ocrx_word' id='word_1_96' title='bbox 1460 1035 1501 1074; x_wconf 90' lang='lat' dir='ltr'><strong>in</strong></span> <span class='ocrx_word' id='word_1_97' title='bbox 1538 1032 1668 1074; x_wconf 81' lang='lat' dir='ltr'><strong>Vitas</strong></span> <span class='ocrx_word' id='word_1_98' title='bbox 1705 1034 1882 1074; x_wconf 89' lang='lat' dir='ltr'><strong>Patrum</strong></span> 
     </span>
    </p>
   </div>
   <div class='ocr_carea' id='block_1_5' title="bbox 123 1095 273 1138">
    <p class='ocr_par' dir='ltr' id='par_1_6' title="bbox 123 1095 273 1138">
     <span class='ocr_line' id='line_1_15' title="bbox 123 1095 273 1138; baseline 0 0"><span class='ocrx_word' id='word_1_99' title='bbox 123 1095 168 1138; x_wconf 82' lang='lat' dir='ltr'><strong>(p·</strong></span> <span class='ocrx_word' id='word_1_100' title='bbox 186 1096 273 1138; x_wconf 84' lang='lat'><strong>657)-</strong></span> 
     </span>
    </p>
   </div>
   <div class='ocr_carea' id='block_1_6' title="bbox 116 2497 283 2534">
    <p class='ocr_par' dir='ltr' id='par_1_7' title="bbox 116 2497 283 2534">
     <span class='ocr_line' id='line_1_16' title="bbox 116 2497 283 2534; baseline 0.006 -6"><span class='ocrx_word' id='word_1_101' title='bbox 116 2497 167 2528; x_wconf 86' lang='lat' dir='ltr'><strong>Cf.</strong></span> <span class='ocrx_word' id='word_1_102' title='bbox 188 2498 283 2534; x_wconf 80' lang='lat' dir='ltr'>V.P.‚</span> 
     </span>
    </p>
   </div>
   <div class='ocr_carea' id='block_1_7' title="bbox 116 2541 315 2579">
    <p class='ocr_par' dir='ltr' id='par_1_8' title="bbox 116 2541 315 2579">
     <span class='ocr_line' id='line_1_17' title="bbox 116 2541 315 2579; baseline 0.005 -8"><span class='ocrx_word' id='word_1_103' title='bbox 116 2541 193 2579; x_wconf 93' lang='lat' dir='ltr'><strong>VII,</strong></span> <span class='ocrx_word' id='word_1_104' title='bbox 204 2542 315 2572; x_wconf 84' lang='lat' dir='ltr'><strong>Verba</strong></span> 
     </span>
    </p>
   </div>
   <div class='ocr_carea' id='block_1_8' title="bbox 117 2584 312 2622">
    <p class='ocr_par' dir='ltr' id='par_1_9' title="bbox 117 2584 312 2622">
     <span class='ocr_line' id='line_1_18' title="bbox 117 2584 312 2622; baseline 0.005 -8"><span class='ocrx_word' id='word_1_105' title='bbox 117 2584 312 2622; x_wconf 76' lang='lat' dir='ltr'><strong>Sen.‚xxxii,</strong></span> 
     </span>
    </p>
   </div>
   <div class='ocr_carea' id='block_1_9' title="bbox 324 1103 1884 2602">
    <p class='ocr_par' dir='ltr' id='par_1_10' title="bbox 324 1103 1884 2475">
     <span class='ocr_line' id='line_1_19' title="bbox 335 1103 1884 1157; baseline 0 -14"><span class='ocrx_word' id='word_1_106' title='bbox 335 1104 498 1155; x_wconf 89' lang='lat' dir='ltr'><strong>scripto</strong></span> <span class='ocrx_word' id='word_1_107' title='bbox 531 1117 607 1156; x_wconf 92' lang='lat' dir='ltr'><strong>per</strong></span> <span class='ocrx_word' id='word_1_108' title='bbox 639 1104 752 1144; x_wconf 90' lang='lat' dir='ltr'><strong>hunc</strong></span> <span class='ocrx_word' id='word_1_109' title='bbox 779 1105 971 1145; x_wconf 90' lang='lat' dir='ltr'><strong>modum.</strong></span> <span class='ocrx_word' id='word_1_110' title='bbox 1034 1103 1204 1145; x_wconf 89' lang='lat' dir='ltr'><strong>Orante</strong></span> <span class='ocrx_word' id='word_1_111' title='bbox 1232 1103 1467 1157; x_wconf 89' lang='lat' dir='ltr'><strong>aliquando</strong></span> <span class='ocrx_word' id='word_1_112' title='bbox 1494 1103 1623 1144; x_wconf 92' lang='lat' dir='ltr'><strong>beato</strong></span> <span class='ocrx_word' id='word_1_113' title='bbox 1656 1103 1884 1144; x_wconf 89' lang='lat' dir='ltr'><strong>Machario</strong></span> 
     </span>
     <span class='ocr_line' id='line_1_20' title="bbox 332 1172 1881 1226; baseline 0 -14"><span class='ocrx_word' id='word_1_114' title='bbox 332 1172 503 1222; x_wconf 88' lang='lat' dir='ltr'><strong>abbate,</strong></span> <span class='ocrx_word' id='word_1_115' title='bbox 519 1186 606 1213; x_wconf 86' lang='lat' dir='ltr'><strong>vox</strong></span> <span class='ocrx_word' id='word_1_116' title='bbox 622 1173 676 1213; x_wconf 93' lang='lat' dir='ltr'><strong>ad</strong></span> <span class='ocrx_word' id='word_1_117' title='bbox 694 1186 790 1213; x_wconf 90' lang='lat' dir='ltr'><strong>eum</strong></span> <span class='ocrx_word' id='word_1_118' title='bbox 809 1173 1026 1226; x_wconf 87' lang='lat' dir='ltr'><strong>personuit</strong></span> <span class='ocrx_word' id='word_1_119' title='bbox 1040 1186 1048 1212; x_wconf 90' lang='lat'><strong>:</strong></span> <span class='ocrx_word' id='word_1_120' title='bbox 1062 1172 1076 1195; x_wconf 76' lang='lat'>2</span> <span class='ocrx_word' id='word_1_121' title='bbox 1109 1175 1117 1191; x_wconf 88' lang='lat'><em>‘</em></span> <span class='ocrx_word' id='word_1_122' title='bbox 1135 1173 1342 1222; x_wconf 87' lang='lat' dir='ltr'><strong>Machari,</strong></span> <span class='ocrx_word' id='word_1_123' title='bbox 1358 1173 1542 1212; x_wconf 89' lang='lat' dir='ltr'><strong>necdum</strong></span> <span class='ocrx_word' id='word_1_124' title='bbox 1561 1173 1616 1213; x_wconf 92' lang='lat' dir='ltr'><strong>ad</strong></span> <span class='ocrx_word' id='word_1_125' title='bbox 1635 1185 1881 1212; x_wconf 89' lang='lat' dir='ltr'><strong>mensuram</strong></span> 
     </span>
     <span class='ocr_line' id='line_1_21' title="bbox 333 1241 1883 1294; baseline 0 -13"><span class='ocrx_word' id='word_1_126' title='bbox 333 1242 472 1282; x_wconf 86' lang='lat' dir='ltr'><strong>meriti</strong></span> <span class='ocrx_word' id='word_1_127' title='bbox 503 1242 681 1281; x_wconf 89' lang='lat' dir='ltr'><strong>duarum</strong></span> <span class='ocrx_word' id='word_1_128' title='bbox 716 1242 939 1281; x_wconf 90' lang='lat' dir='ltr'><strong>mulierum</strong></span> <span class='ocrx_word' id='word_1_129' title='bbox 969 1241 1202 1294; x_wconf 86' lang='lat' dir='ltr'><strong>pervenisti</strong></span> <span class='ocrx_word' id='word_1_130' title='bbox 1229 1255 1313 1294; x_wconf 83' lang='lat' dir='ltr'><strong>que</strong></span> <span class='ocrx_word' id='word_1_131' title='bbox 1344 1242 1383 1282; x_wconf 90' lang='lat' dir='ltr'><strong>in</strong></span> <span class='ocrx_word' id='word_1_132' title='bbox 1417 1241 1651 1294; x_wconf 77' lang='lat' dir='ltr'><strong>proxima3</strong></span> <span class='ocrx_word' id='word_1_133' title='bbox 1682 1241 1883 1282; x_wconf 87' lang='lat' dir='ltr'><strong>habitant</strong></span> 
     </span>
     <span class='ocr_line' id='line_1_22' title="bbox 330 1310 1881 1364; baseline -0.001 -13"><span class='ocrx_word' id='word_1_134' title='bbox 330 1310 505 1351; x_wconf 85' lang='lat' dir='ltr'><strong>civitate</strong></span> <span class='ocrx_word' id='word_1_135' title='bbox 518 1310 538 1351; x_wconf 93' lang='lat'><strong>’.</strong></span> <span class='ocrx_word' id='word_1_136' title='bbox 590 1310 690 1364; x_wconf 74' lang='lat' dir='ltr'><strong>Quo</strong></span> <span class='ocrx_word' id='word_1_137' title='bbox 710 1311 857 1351; x_wconf 89' lang='lat' dir='ltr'><strong>audito</strong></span> <span class='ocrx_word' id='word_1_138' title='bbox 880 1312 1064 1351; x_wconf 89' lang='lat' dir='ltr'><strong>surrexit</strong></span> <span class='ocrx_word' id='word_1_139' title='bbox 1087 1324 1226 1351; x_wconf 82' lang='lat' dir='ltr'><strong>senex</strong></span> <span class='ocrx_word' id='word_1_140' title='bbox 1248 1317 1291 1351; x_wconf 92' lang='lat' dir='ltr'><strong>et</strong></span> <span class='ocrx_word' id='word_1_141' title='bbox 1319 1310 1424 1351; x_wconf 93' lang='lat' dir='ltr'><strong>abiit</strong></span> <span class='ocrx_word' id='word_1_142' title='bbox 1444 1311 1498 1350; x_wconf 90' lang='lat' dir='ltr'><strong>ad</strong></span> <span class='ocrx_word' id='word_1_143' title='bbox 1522 1324 1594 1351; x_wconf 91' lang='lat' dir='ltr'><strong>eas</strong></span> <span class='ocrx_word' id='word_1_144' title='bbox 1613 1317 1657 1351; x_wconf 88' lang='lat' dir='ltr'><strong>et</strong></span> <span class='ocrx_word' id='word_1_145' title='bbox 1687 1311 1800 1351; x_wconf 83' lang='lat' dir='ltr'><strong>dixit</strong></span> <span class='ocrx_word' id='word_1_146' title='bbox 1820 1311 1881 1350; x_wconf 90' lang='lat' dir='ltr'><strong>eis</strong></span> 
     </span>
     <span class='ocr_line' id='line_1_23' title="bbox 330 1380 1882 1433; baseline 0 -13"><span class='ocrx_word' id='word_1_147' title='bbox 330 1380 533 1432; x_wconf 80' lang='lat' dir='ltr'><strong>quando4</strong></span> <span class='ocrx_word' id='word_1_148' title='bbox 555 1393 627 1420; x_wconf 89' lang='lat' dir='ltr'><strong>eas</strong></span> <span class='ocrx_word' id='word_1_149' title='bbox 648 1380 906 1420; x_wconf 84' lang='lat' dir='ltr'><strong>invenisset:</strong></span> <span class='ocrx_word' id='word_1_150' title='bbox 928 1381 1094 1420; x_wconf 81' lang='lat' dir='ltr'><strong>‘Dicite</strong></span> <span class='ocrx_word' id='word_1_151' title='bbox 1117 1380 1224 1420; x_wconf 87' lang='lat' dir='ltr'><strong>mihi</strong></span> <span class='ocrx_word' id='word_1_152' title='bbox 1246 1381 1551 1433; x_wconf 87' lang='lat' dir='ltr'><strong>operacionem</strong></span> <span class='ocrx_word' id='word_1_153' title='bbox 1567 1386 1753 1420; x_wconf 87' lang='lat' dir='ltr'><strong>vestram</strong></span> <span class='ocrx_word' id='word_1_154' title='bbox 1777 1393 1882 1432; x_wconf 87' lang='lat' dir='ltr'><strong>quo-</strong></span> 
     </span>
     <span class='ocr_line' id='line_1_24' title="bbox 331 1447 1882 1501; baseline 0 -13"><span class='ocrx_word' id='word_1_155' title='bbox 331 1449 462 1489; x_wconf 91' lang='lat' dir='ltr'><strong>modo</strong></span> <span class='ocrx_word' id='word_1_156' title='bbox 493 1448 607 1489; x_wconf 89' lang='lat' dir='ltr'><strong>est?’</strong></span> <span class='ocrx_word' id='word_1_157' title='bbox 670 1448 733 1489; x_wconf 82' lang='lat' dir='ltr'><strong>At</strong></span> <span class='ocrx_word' id='word_1_158' title='bbox 765 1449 834 1489; x_wconf 91' lang='lat' dir='ltr'><strong>ille</strong></span> <span class='ocrx_word' id='word_1_159' title='bbox 865 1449 1093 1489; x_wconf 88' lang='lat' dir='ltr'><strong>dixerunt:</strong></span> <span class='ocrx_word' id='word_1_160' title='bbox 1127 1447 1292 1490; x_wconf 87' lang='lat' dir='ltr'><strong>‘Crede</strong></span> <span class='ocrx_word' id='word_1_161' title='bbox 1328 1448 1463 1497; x_wconf 89' lang='lat' dir='ltr'><strong>nobis,</strong></span> <span class='ocrx_word' id='word_1_162' title='bbox 1500 1454 1632 1501; x_wconf 86' lang='lat' dir='ltr'><strong>pater,</strong></span> <span class='ocrx_word' id='word_1_163' title='bbox 1664 1449 1763 1501; x_wconf 91' lang='lat' dir='ltr'><strong>quia</strong></span> <span class='ocrx_word' id='word_1_164' title='bbox 1794 1462 1882 1488; x_wconf 91' lang='lat' dir='ltr'><strong>non</strong></span> 
     </span>
     <span class='ocr_line' id='line_1_25' title="bbox 329 1517 1879 1571; baseline 0 -13"><span class='ocrx_word' id='word_1_165' title='bbox 329 1520 514 1571; x_wconf 88' lang='lat' dir='ltr'><strong>presenti</strong></span> <span class='ocrx_word' id='word_1_166' title='bbox 554 1524 681 1559; x_wconf 90' lang='lat' dir='ltr'><strong>nocte</strong></span> <span class='ocrx_word' id='word_1_167' title='bbox 722 1532 748 1559; x_wconf 92' lang='lat' dir='ltr'><strong>a</strong></span> <span class='ocrx_word' id='word_1_168' title='bbox 791 1520 1040 1559; x_wconf 89' lang='lat' dir='ltr'><strong>maritorum</strong></span> <span class='ocrx_word' id='word_1_169' title='bbox 1073 1518 1236 1559; x_wconf 88' lang='lat' dir='ltr'><strong>lectulis</strong></span> <span class='ocrx_word' id='word_1_170' title='bbox 1269 1518 1427 1558; x_wconf 91' lang='lat' dir='ltr'><strong>fuimus</strong></span> <span class='ocrx_word' id='word_1_171' title='bbox 1463 1523 1671 1570; x_wconf 86' lang='lat' dir='ltr'><strong>separate.</strong></span> <span class='ocrx_word' id='word_1_172' title='bbox 1735 1517 1879 1570; x_wconf 77' lang='lat' dir='ltr'><strong>Quam</strong></span> 
     </span>
     <span class='ocr_line' id='line_1_26' title="bbox 328 1586 1884 1641; baseline -0.001 -14"><span class='ocrx_word' id='word_1_173' title='bbox 328 1588 631 1641; x_wconf 89' lang='lat' dir='ltr'><strong>operacionem</strong></span> <span class='ocrx_word' id='word_1_174' title='bbox 656 1601 760 1641; x_wconf 85' lang='lat' dir='ltr'><strong>ergo</strong></span> <span class='ocrx_word' id='word_1_175' title='bbox 781 1602 1010 1641; x_wconf 88' lang='lat' dir='ltr'><strong>possumus</strong></span> <span class='ocrx_word' id='word_1_176' title='bbox 1033 1601 1111 1628; x_wconf 90' lang='lat' dir='ltr'><strong>nos</strong></span> <span class='ocrx_word' id='word_1_177' title='bbox 1135 1587 1297 1629; x_wconf 92' lang='lat' dir='ltr'><strong>habere</strong></span> <span class='ocrx_word' id='word_1_178' title='bbox 1313 1586 1351 1627; x_wconf 87' lang='lat'><strong>?’</strong></span> <span class='ocrx_word' id='word_1_179' title='bbox 1407 1587 1516 1627; x_wconf 90' lang='lat' dir='ltr'><strong>Inde</strong></span> <span class='ocrx_word' id='word_1_180' title='bbox 1533 1600 1635 1627; x_wconf 90' lang='lat' dir='ltr'><strong>vero</strong></span> <span class='ocrx_word' id='word_1_181' title='bbox 1656 1587 1884 1640; x_wconf 85' lang='lat' dir='ltr'><strong>rogacione</strong></span> 
     </span>
     <span class='ocr_line' id='line_1_27' title="bbox 328 1656 1877 1711; baseline -0.001 -14"><span class='ocrx_word' id='word_1_182' title='bbox 328 1658 441 1697; x_wconf 85' lang='lat' dir='ltr'><strong>senis</strong></span> <span class='ocrx_word' id='word_1_183' title='bbox 481 1657 705 1710; x_wconf 86' lang='lat' dir='ltr'><strong>compulse</strong></span> <span class='ocrx_word' id='word_1_184' title='bbox 744 1658 972 1698; x_wconf 87' lang='lat' dir='ltr'><strong>dixerunt:</strong></span> <span class='ocrx_word' id='word_1_185' title='bbox 1025 1657 1142 1698; x_wconf 81' lang='lat' dir='ltr'><strong>‘Nos</strong></span> <span class='ocrx_word' id='word_1_186' title='bbox 1186 1658 1363 1711; x_wconf 85' lang='lat' dir='ltr'><strong>quidem</strong></span> <span class='ocrx_word' id='word_1_187' title='bbox 1406 1657 1644 1697; x_wconf 88' lang='lat' dir='ltr'><strong>secundum</strong></span> <span class='ocrx_word' id='word_1_188' title='bbox 1686 1656 1877 1697; x_wconf 88' lang='lat' dir='ltr'><strong>seculum</strong></span> 
     </span>
     <span class='ocr_line' id='line_1_28' title="bbox 327 1725 1879 1780; baseline -0.001 -13"><span class='ocrx_word' id='word_1_189' title='bbox 327 1726 449 1767; x_wconf 90' lang='lat' dir='ltr'><strong>nobis</strong></span> <span class='ocrx_word' id='word_1_190' title='bbox 490 1732 698 1767; x_wconf 82' lang='lat' dir='ltr'><strong>extranee</strong></span> <span class='ocrx_word' id='word_1_191' title='bbox 739 1740 909 1776; x_wconf 86' lang='lat' dir='ltr'><strong>sumus;</strong></span> <span class='ocrx_word' id='word_1_192' title='bbox 961 1726 1119 1780; x_wconf 90' lang='lat' dir='ltr'><strong>placuit</strong></span> <span class='ocrx_word' id='word_1_193' title='bbox 1158 1732 1302 1766; x_wconf 86' lang='lat' dir='ltr'><strong>autern</strong></span> <span class='ocrx_word' id='word_1_194' title='bbox 1342 1726 1469 1767; x_wconf 89' lang='lat' dir='ltr'><strong>nobis</strong></span> <span class='ocrx_word' id='word_1_195' title='bbox 1511 1726 1670 1767; x_wconf 90' lang='lat' dir='ltr'><strong>nubere</strong></span> <span class='ocrx_word' id='word_1_196' title='bbox 1711 1725 1879 1767; x_wconf 91' lang='lat' dir='ltr'><strong>duobus</strong></span> 
     </span>
     <span class='ocr_line' id='line_1_29' title="bbox 326 1795 1878 1848; baseline -0.001 -12"><span class='ocrx_word' id='word_1_197' title='bbox 326 1795 529 1837; x_wconf 88' lang='lat' dir='ltr'><strong>fratribus</strong></span> <span class='ocrx_word' id='word_1_198' title='bbox 552 1796 787 1837; x_wconf 91' lang='lat' dir='ltr'><strong>secundum</strong></span> <span class='ocrx_word' id='word_1_199' title='bbox 808 1809 996 1838; x_wconf 88' lang='lat' dir='ltr'><strong>carnem.</strong></span> <span class='ocrx_word' id='word_1_200' title='bbox 1046 1810 1106 1836; x_wconf 86' lang='lat' dir='ltr'><strong>xv</strong></span> <span class='ocrx_word' id='word_1_201' title='bbox 1127 1796 1228 1836; x_wconf 91' lang='lat' dir='ltr'><strong>anni</strong></span> <span class='ocrx_word' id='word_1_202' title='bbox 1250 1802 1348 1836; x_wconf 89' lang='lat' dir='ltr'><strong>sunt</strong></span> <span class='ocrx_word' id='word_1_203' title='bbox 1380 1795 1510 1835; x_wconf 87' lang='lat' dir='ltr'><strong>hodie</strong></span> <span class='ocrx_word' id='word_1_204' title='bbox 1542 1795 1656 1848; x_wconf 87' lang='lat' dir='ltr'><strong>quod</strong></span> <span class='ocrx_word' id='word_1_205' title='bbox 1679 1809 1760 1836; x_wconf 91' lang='lat' dir='ltr'><strong>nos</strong></span> <span class='ocrx_word' id='word_1_206' title='bbox 1792 1796 1878 1836; x_wconf 89' lang='lat' dir='ltr'><strong>due</strong></span> 
     </span>
     <span class='ocr_line' id='line_1_30' title="bbox 327 1864 1878 1919; baseline -0.001 -13"><span class='ocrx_word' id='word_1_207' title='bbox 327 1865 575 1907; x_wconf 89' lang='lat' dir='ltr'><strong>habitamus</strong></span> <span class='ocrx_word' id='word_1_208' title='bbox 597 1866 639 1906; x_wconf 91' lang='lat' dir='ltr'><strong>in</strong></span> <span class='ocrx_word' id='word_1_209' title='bbox 660 1866 793 1906; x_wconf 93' lang='lat' dir='ltr'><strong>domo</strong></span> <span class='ocrx_word' id='word_1_210' title='bbox 816 1866 907 1915; x_wconf 79' lang='lat' dir='ltr'><strong>hac,</strong></span> <span class='ocrx_word' id='word_1_211' title='bbox 930 1872 973 1906; x_wconf 87' lang='lat' dir='ltr'><strong>et</strong></span> <span class='ocrx_word' id='word_1_212' title='bbox 993 1866 1208 1906; x_wconf 88' lang='lat' dir='ltr'><strong>nescimus</strong></span> <span class='ocrx_word' id='word_1_213' title='bbox 1231 1866 1264 1905; x_wconf 90' lang='lat' dir='ltr'><strong>si</strong></span> <span class='ocrx_word' id='word_1_214' title='bbox 1289 1865 1520 1918; x_wconf 86' lang='lat' dir='ltr'><strong>aliquando</strong></span> <span class='ocrx_word' id='word_1_215' title='bbox 1542 1864 1802 1919; x_wconf 86' lang='lat' dir='ltr'><strong>litigavimus</strong></span> <span class='ocrx_word' id='word_1_216' title='bbox 1824 1866 1878 1905; x_wconf 91' lang='lat' dir='ltr'><strong>ad</strong></span> 
     </span>
     <span class='ocr_line' id='line_1_31' title="bbox 324 1933 1878 1989; baseline 0 -14"><span class='ocrx_word' id='word_1_217' title='bbox 324 1935 507 1976; x_wconf 89' lang='lat' dir='ltr'><strong>invicem</strong></span> <span class='ocrx_word' id='word_1_218' title='bbox 531 1942 605 1975; x_wconf 91' lang='lat' dir='ltr'><strong>aut</strong></span> <span class='ocrx_word' id='word_1_219' title='bbox 626 1941 795 1989; x_wconf 91' lang='lat' dir='ltr'><strong>turpem</strong></span> <span class='ocrx_word' id='word_1_220' title='bbox 823 1948 1066 1975; x_wconf 90' lang='lat' dir='ltr'><strong>sermonem</strong></span> <span class='ocrx_word' id='word_1_221' title='bbox 1090 1935 1328 1975; x_wconf 91' lang='lat' dir='ltr'><strong>dixerimus</strong></span> <span class='ocrx_word' id='word_1_222' title='bbox 1360 1936 1413 1975; x_wconf 89' lang='lat' dir='ltr'><strong>ad</strong></span> <span class='ocrx_word' id='word_1_223' title='bbox 1445 1935 1638 1975; x_wconf 86' lang='lat' dir='ltr'><strong>alteram.</strong></span> <span class='ocrx_word' id='word_1_224' title='bbox 1702 1933 1878 1988; x_wconf 87' lang='lat' dir='ltr'><strong>Cogita-</strong></span> 
     </span>
     <span class='ocr_line' id='line_1_32' title="bbox 324 2004 1879 2058; baseline 0 -13"><span class='ocrx_word' id='word_1_225' title='bbox 324 2006 550 2058; x_wconf 81' lang='lat' dir='ltr'><strong>vimusque</strong></span> <span class='ocrx_word' id='word_1_226' title='bbox 567 2005 731 2058; x_wconf 80' lang='lat' dir='ltr'><strong>ingredi</strong></span> <span class='ocrx_word' id='word_1_227' title='bbox 749 2005 1056 2045; x_wconf 91' lang='lat' dir='ltr'><strong>monasterium</strong></span> <span class='ocrx_word' id='word_1_228' title='bbox 1078 2005 1288 2057; x_wconf 86' lang='lat' dir='ltr'><strong>virginum</strong></span> <span class='ocrx_word' id='word_1_229' title='bbox 1308 2010 1350 2044; x_wconf 89' lang='lat' dir='ltr'><strong>et</strong></span> <span class='ocrx_word' id='word_1_230' title='bbox 1367 2005 1507 2057; x_wconf 87' lang='lat' dir='ltr'><strong>rogati</strong></span> <span class='ocrx_word' id='word_1_231' title='bbox 1521 2004 1534 2027; x_wconf 81' lang='lat'>⁵</span> <span class='ocrx_word' id='word_1_232' title='bbox 1551 2005 1628 2044; x_wconf 84' lang='lat' dir='ltr'><strong>viri</strong></span> <span class='ocrx_word' id='word_1_233' title='bbox 1644 2005 1776 2044; x_wconf 89' lang='lat' dir='ltr'><strong>nostri</strong></span> <span class='ocrx_word' id='word_1_234' title='bbox 1792 2018 1879 2045; x_wconf 92' lang='lat' dir='ltr'><strong>non</strong></span> 
     </span>
     <span class='ocr_line' id='line_1_33' title="bbox 325 2073 1875 2127; baseline 0 -13"><span class='ocrx_word' id='word_1_235' title='bbox 325 2074 448 2115; x_wconf 88' lang='lat' dir='ltr'><strong>nobis</strong></span> <span class='ocrx_word' id='word_1_236' title='bbox 461 2081 771 2115; x_wconf 89' lang='lat' dir='ltr'><strong>consenserunt</strong></span> <span class='ocrx_word' id='word_1_237' title='bbox 784 2075 826 2114; x_wconf 84' lang='lat' dir='ltr'><strong>in</strong></span> <span class='ocrx_word' id='word_1_238' title='bbox 846 2075 938 2115; x_wconf 90' lang='lat' dir='ltr'><strong>hoc.</strong></span> <span class='ocrx_word' id='word_1_239' title='bbox 991 2074 1091 2127; x_wconf 74' lang='lat' dir='ltr'><strong>Quo</strong></span> <span class='ocrx_word' id='word_1_240' title='bbox 1106 2073 1225 2114; x_wconf 91' lang='lat' dir='ltr'><strong>facto</strong></span> <span class='ocrx_word' id='word_1_241' title='bbox 1240 2074 1459 2127; x_wconf 89' lang='lat' dir='ltr'><strong>posuimus</strong></span> <span class='ocrx_word' id='word_1_242' title='bbox 1474 2074 1765 2114; x_wconf 85' lang='lat' dir='ltr'><strong>testimonium</strong></span> <span class='ocrx_word' id='word_1_243' title='bbox 1787 2075 1875 2125; x_wconf 84' lang='lat' dir='ltr'><strong>(sz&#39;c)</strong></span> 
     </span>
     <span class='ocr_line' id='line_1_34' title="bbox 327 2144 1879 2196; baseline 0 -12"><span class='ocrx_word' id='word_1_244' title='bbox 327 2145 439 2184; x_wconf 86' lang='lat' dir='ltr'><strong>inter</strong></span> <span class='ocrx_word' id='word_1_245' title='bbox 461 2157 539 2184; x_wconf 91' lang='lat' dir='ltr'><strong>nos</strong></span> <span class='ocrx_word' id='word_1_246' title='bbox 561 2150 604 2184; x_wconf 92' lang='lat' dir='ltr'><strong>et</strong></span> <span class='ocrx_word' id='word_1_247' title='bbox 626 2144 768 2184; x_wconf 87' lang='lat' dir='ltr'><strong>Deum</strong></span> <span class='ocrx_word' id='word_1_248' title='bbox 794 2150 841 2184; x_wconf 88' lang='lat' dir='ltr'><strong>ut</strong></span> <span class='ocrx_word' id='word_1_249' title='bbox 861 2157 995 2196; x_wconf 89' lang='lat' dir='ltr'><strong>usque</strong></span> <span class='ocrx_word' id='word_1_250' title='bbox 1015 2144 1069 2184; x_wconf 91' lang='lat' dir='ltr'><strong>ad</strong></span> <span class='ocrx_word' id='word_1_251' title='bbox 1105 2149 1288 2183; x_wconf 90' lang='lat' dir='ltr'><strong>mortem</strong></span> <span class='ocrx_word' id='word_1_252' title='bbox 1312 2149 1503 2183; x_wconf 86' lang='lat' dir='ltr'><strong>nostram</strong></span> <span class='ocrx_word' id='word_1_253' title='bbox 1527 2156 1614 2183; x_wconf 92' lang='lat' dir='ltr'><strong>non</strong></span> <span class='ocrx_word' id='word_1_254' title='bbox 1636 2144 1879 2196; x_wconf 88' lang='lat' dir='ltr'><strong>egrediatur</strong></span> 
     </span>
     <span class='ocr_line' id='line_1_35' title="bbox 327 2211 1878 2254; baseline 0 -1"><span class='ocrx_word' id='word_1_255' title='bbox 327 2213 382 2253; x_wconf 91' lang='lat' dir='ltr'><strong>de</strong></span> <span class='ocrx_word' id='word_1_256' title='bbox 417 2227 490 2254; x_wconf 91' lang='lat' dir='ltr'><strong>ore</strong></span> <span class='ocrx_word' id='word_1_257' title='bbox 522 2219 668 2253; x_wconf 84' lang='lat' dir='ltr'><strong>nostro</strong></span> <span class='ocrx_word' id='word_1_258' title='bbox 700 2227 842 2254; x_wconf 89' lang='lat' dir='ltr'><strong>sermo</strong></span> <span class='ocrx_word' id='word_1_259' title='bbox 872 2211 1097 2254; x_wconf 89' lang='lat' dir='ltr'><strong>secularis.&#39;</strong></span> <span class='ocrx_word' id='word_1_260' title='bbox 1159 2212 1218 2252; x_wconf 88' lang='lat' dir='ltr'><strong>Et</strong></span> <span class='ocrx_word' id='word_1_261' title='bbox 1250 2212 1364 2252; x_wconf 90' lang='lat' dir='ltr'><strong>dixit</strong></span> <span class='ocrx_word' id='word_1_262' title='bbox 1394 2225 1553 2252; x_wconf 88' lang='lat' dir='ltr'><strong>senex:</strong></span> <span class='ocrx_word' id='word_1_263' title='bbox 1586 2212 1662 2252; x_wconf 90' lang='lat' dir='ltr'><strong>‘In</strong></span> <span class='ocrx_word' id='word_1_264' title='bbox 1699 2213 1878 2253; x_wconf 88' lang='lat' dir='ltr'><strong>veritate</strong></span> 
     </span>
     <span class='ocr_line' id='line_1_36' title="bbox 326 2282 1875 2335; baseline 0 -12"><span class='ocrx_word' id='word_1_265' title='bbox 326 2297 414 2323; x_wconf 92' lang='lat' dir='ltr'><strong>non</strong></span> <span class='ocrx_word' id='word_1_266' title='bbox 448 2288 512 2323; x_wconf 84' lang='lat' dir='ltr'><strong>est</strong></span> <span class='ocrx_word' id='word_1_267' title='bbox 533 2283 656 2335; x_wconf 88' lang='lat' dir='ltr'><strong>virgo</strong></span> <span class='ocrx_word' id='word_1_268' title='bbox 677 2296 818 2335; x_wconf 89' lang='lat' dir='ltr'><strong>neque</strong></span> <span class='ocrx_word' id='word_1_269' title='bbox 840 2283 1042 2323; x_wconf 89' lang='lat' dir='ltr'><strong>maritata</strong></span> <span class='ocrx_word' id='word_1_270' title='bbox 1072 2295 1211 2335; x_wconf 89' lang='lat' dir='ltr'><strong>neque</strong></span> <span class='ocrx_word' id='word_1_271' title='bbox 1243 2282 1480 2322; x_wconf 89' lang='lat' dir='ltr'><strong>monachus</strong></span> <span class='ocrx_word' id='word_1_272' title='bbox 1508 2295 1647 2334; x_wconf 84' lang='lat' dir='ltr'><strong>neque</strong></span> <span class='ocrx_word' id='word_1_273' title='bbox 1667 2283 1875 2332; x_wconf 86' lang='lat' dir='ltr'><strong>secularis,</strong></span> 
     </span>
     <span class='ocr_line' id='line_1_37' title="bbox 328 2351 1876 2404; baseline 0 -11"><span class='ocrx_word' id='word_1_274' title='bbox 328 2353 402 2393; x_wconf 90' lang='lat' dir='ltr'><strong>sed</strong></span> <span class='ocrx_word' id='word_1_275' title='bbox 446 2352 565 2392; x_wconf 90' lang='lat' dir='ltr'><strong>Deus</strong></span> <span class='ocrx_word' id='word_1_276' title='bbox 601 2352 835 2392; x_wconf 88' lang='lat' dir='ltr'><strong>secundum</strong></span> <span class='ocrx_word' id='word_1_277' title='bbox 878 2352 1207 2404; x_wconf 85' lang='lat' dir='ltr'><strong>uniuscuiusque</strong></span> <span class='ocrx_word' id='word_1_278' title='bbox 1238 2351 1504 2404; x_wconf 89' lang='lat' dir='ltr'><strong>propositum</strong></span> <span class='ocrx_word' id='word_1_279' title='bbox 1548 2351 1746 2392; x_wconf 87' lang='lat' dir='ltr'><strong>omnibus</strong></span> <span class='ocrx_word' id='word_1_280' title='bbox 1778 2352 1876 2393; x_wconf 88' lang='lat' dir='ltr'><strong>sub-</strong></span> 
     </span>
     <span class='ocr_line' id='line_1_38' title="bbox 330 2420 1584 2475; baseline -0.001 -13"><span class='ocrx_word' id='word_1_281' title='bbox 330 2423 544 2462; x_wconf 87' lang='lat' dir='ltr'><strong>ministrat</strong></span> <span class='ocrx_word' id='word_1_282' title='bbox 566 2423 764 2475; x_wconf 90' lang='lat' dir='ltr'><strong>spiritum</strong></span> <span class='ocrx_word' id='word_1_283' title='bbox 788 2428 984 2462; x_wconf 90' lang='lat' dir='ltr'><strong>sanctum</strong></span> <span class='ocrx_word' id='word_1_284' title='bbox 1007 2421 1026 2462; x_wconf 79' lang='lat'><strong>².</strong></span> <span class='ocrx_word' id='word_1_285' title='bbox 1094 2420 1291 2474; x_wconf 87' lang='lat' dir='ltr'><strong>Explicit</strong></span> <span class='ocrx_word' id='word_1_286' title='bbox 1318 2420 1584 2474; x_wconf 87' lang='lat' dir='ltr'><strong>exemplum.</strong></span> 
     </span>
    </p>

    <p class='ocr_par' dir='ltr' id='par_1_11' title="bbox 329 2490 1874 2602">
     <span class='ocr_line' id='line_1_39' title="bbox 415 2490 1874 2545; baseline 0.001 -14"><span class='ocrx_word' id='word_1_287' title='bbox 415 2493 535 2545; x_wconf 83' lang='lat'>(189)</span> <span class='ocrx_word' id='word_1_288' title='bbox 572 2491 705 2531; x_wconf 81' lang='lat' dir='ltr'><strong>Aliud</strong></span> <span class='ocrx_word' id='word_1_289' title='bbox 733 2490 872 2531; x_wconf 90' lang='lat' dir='ltr'><strong>adhuc</strong></span> <span class='ocrx_word' id='word_1_290' title='bbox 897 2491 1149 2544; x_wconf 89' lang='lat' dir='ltr'><strong>exemplum</strong></span> <span class='ocrx_word' id='word_1_291' title='bbox 1178 2490 1447 2543; x_wconf 87' lang='lat' dir='ltr'><strong>subiungitur</strong></span> <span class='ocrx_word' id='word_1_292' title='bbox 1475 2492 1517 2530; x_wconf 94' lang='lat' dir='ltr'><strong>in</strong></span> <span class='ocrx_word' id='word_1_293' title='bbox 1545 2491 1655 2530; x_wconf 90' lang='lat' dir='ltr'><strong>hunc</strong></span> <span class='ocrx_word' id='word_1_294' title='bbox 1683 2491 1874 2532; x_wconf 90' lang='lat' dir='ltr'><strong>modum.</strong></span> 
     </span>
     <span class='ocr_line' id='line_1_40' title="bbox 329 2559 1873 2602; baseline 0.001 -2"><span class='ocrx_word' id='word_1_295' title='bbox 329 2561 483 2601; x_wconf 90' lang='lat' dir='ltr'><strong>Frater</strong></span> <span class='ocrx_word' id='word_1_296' title='bbox 520 2561 632 2601; x_wconf 91' lang='lat' dir='ltr'><strong>dixit</strong></span> <span class='ocrx_word' id='word_1_297' title='bbox 668 2561 783 2602; x_wconf 87' lang='lat' dir='ltr'><strong>seni:</strong></span> <span class='ocrx_word' id='word_1_298' title='bbox 820 2560 1057 2601; x_wconf 90' lang='lat' dir='ltr'><strong>‘Desidero</strong></span> <span class='ocrx_word' id='word_1_299' title='bbox 1097 2560 1311 2600; x_wconf 88' lang='lat' dir='ltr'><strong>custodire</strong></span> <span class='ocrx_word' id='word_1_300' title='bbox 1345 2573 1417 2600; x_wconf 89' lang='lat' dir='ltr'><strong>cor</strong></span> <span class='ocrx_word' id='word_1_301' title='bbox 1454 2574 1597 2600; x_wconf 90' lang='lat' dir='ltr'><strong>meum</strong></span> <span class='ocrx_word' id='word_1_302' title='bbox 1615 2559 1635 2601; x_wconf 93' lang='lat'><strong>&#39;.</strong></span> <span class='ocrx_word' id='word_1_303' title='bbox 1701 2560 1776 2601; x_wconf 86' lang='lat' dir='ltr'><strong>Ille</strong></span> <span class='ocrx_word' id='word_1_304' title='bbox 1810 2575 1873 2601; x_wconf 90' lang='lat' dir='ltr'><strong>re-</strong></span> 
     </span>
    </p>
   </div>
   <div class='ocr_carea' id='block_1_10' title="bbox 119 2627 1874 2683">
    <p class='ocr_par' dir='ltr' id='par_1_12' title="bbox 119 2627 1874 2683">
     <span class='ocr_line' id='line_1_41' title="bbox 119 2627 1874 2683; baseline 0.001 -15"><span class='ocrx_word' id='word_1_305' title='bbox 119 2627 199 2669; x_wconf 78' lang='lat' dir='ltr'><strong>2(p·</strong></span> <span class='ocrx_word' id='word_1_306' title='bbox 218 2630 305 2671; x_wconf 78' lang='lat'><strong>679)·</strong></span> <span class='ocrx_word' id='word_1_307' title='bbox 328 2630 526 2683; x_wconf 90' lang='lat' dir='ltr'><strong>spondit:</strong></span> <span class='ocrx_word' id='word_1_308' title='bbox 584 2630 845 2683; x_wconf 76' lang='lat' dir='ltr'><strong>‘Quomodo</strong></span> <span class='ocrx_word' id='word_1_309' title='bbox 895 2643 1123 2683; x_wconf 90' lang='lat' dir='ltr'><strong>possumus</strong></span> <span class='ocrx_word' id='word_1_310' title='bbox 1181 2630 1398 2670; x_wconf 91' lang='lat' dir='ltr'><strong>custodire</strong></span> <span class='ocrx_word' id='word_1_311' title='bbox 1446 2643 1521 2670; x_wconf 92' lang='lat' dir='ltr'><strong>cor</strong></span> <span class='ocrx_word' id='word_1_312' title='bbox 1571 2635 1780 2680; x_wconf 87' lang='lat' dir='ltr'><strong>nostrum,</strong></span> <span class='ocrx_word' id='word_1_313' title='bbox 1838 2631 1874 2671; x_wconf 90' lang='lat' dir='ltr'><strong>si</strong></span> 
     </span>
    </p>
   </div>
   <div class='ocr_carea' id='block_1_11' title="bbox 328 2697 1871 2892">
    <p class='ocr_par' dir='ltr' id='par_1_13' title="bbox 328 2697 1871 2892">
     <span class='ocr_line' id='line_1_42' title="bbox 328 2697 1871 2752; baseline -0.001 -12"><span class='ocrx_word' id='word_1_314' title='bbox 328 2699 472 2752; x_wconf 87' lang='lat' dir='ltr'><strong>lingua</strong></span> <span class='ocrx_word' id='word_1_315' title='bbox 527 2707 674 2740; x_wconf 88' lang='lat' dir='ltr'><strong>nostra</strong></span> <span class='ocrx_word' id='word_1_316' title='bbox 730 2701 903 2740; x_wconf 90' lang='lat' dir='ltr'><strong>ianuam</strong></span> <span class='ocrx_word' id='word_1_317' title='bbox 961 2706 1158 2752; x_wconf 88' lang='lat' dir='ltr'><strong>apertam</strong></span> <span class='ocrx_word' id='word_1_318' title='bbox 1217 2697 1467 2740; x_wconf 85' lang='lat' dir='ltr'><strong>habuerit?&#39;</strong></span> <span class='ocrx_word' id='word_1_319' title='bbox 1548 2698 1745 2752; x_wconf 87' lang='lat' dir='ltr'><strong>Explicit</strong></span> <span class='ocrx_word' id='word_1_320' title='bbox 1799 2713 1871 2739; x_wconf 91' lang='lat' dir='ltr'><strong>ex-</strong></span> 
     </span>
     <span class='ocr_line' id='line_1_43' title="bbox 328 2769 531 2822; baseline 0.01 -13"><span class='ocrx_word' id='word_1_321' title='bbox 328 2769 531 2822; x_wconf 87' lang='lat' dir='ltr'><strong>emplum.</strong></span> 
     </span>
     <span class='ocr_line' id='line_1_44' title="bbox 414 2837 1871 2892; baseline 0.001 -15"><span class='ocrx_word' id='word_1_322' title='bbox 414 2839 535 2892; x_wconf 87' lang='lat'>(190)</span> <span class='ocrx_word' id='word_1_323' title='bbox 580 2838 684 2891; x_wconf 78' lang='lat' dir='ltr'><strong>[fol.</strong></span> <span class='ocrx_word' id='word_1_324' title='bbox 726 2838 828 2892; x_wconf 62' lang='lat'>9452]</span> <span class='ocrx_word' id='word_1_325' title='bbox 878 2838 1078 2878; x_wconf 91' lang='lat' dir='ltr'><strong>Tercium</strong></span> <span class='ocrx_word' id='word_1_326' title='bbox 1122 2852 1223 2878; x_wconf 82' lang='lat' dir='ltr'><strong>vero</strong></span> <span class='ocrx_word' id='word_1_327' title='bbox 1270 2838 1476 2891; x_wconf 90' lang='lat' dir='ltr'><strong>reperitur</strong></span> <span class='ocrx_word' id='word_1_328' title='bbox 1521 2837 1563 2877; x_wconf 89' lang='lat' dir='ltr'><strong>in</strong></span> <span class='ocrx_word' id='word_1_329' title='bbox 1604 2838 1757 2877; x_wconf 90' lang='lat' dir='ltr'><strong>eodem</strong></span> <span class='ocrx_word' id='word_1_330' title='bbox 1800 2839 1871 2878; x_wconf 89' lang='lat' dir='ltr'><strong>sic.</strong></span> 
     </span>
    </p>
   </div>
   <div class='ocr_carea' id='block_1_12' title="bbox 501 2927 1730 3022">
    <p class='ocr_par' dir='ltr' id='par_1_14' title="bbox 501 2927 1730 3022">
     <span class='ocr_line' id='line_1_45' title="bbox 502 2927 1685 2969; baseline 0 -10"><span class='ocrx_word' id='word_1_331' title='bbox 502 2928 513 2948; x_wconf 74' lang='lat'>1</span> <span class='ocrx_word' id='word_1_332' title='bbox 526 2929 560 2959; x_wconf 89' lang='lat' dir='ltr'><strong>M</strong></span> <span class='ocrx_word' id='word_1_333' title='bbox 568 2930 600 2959; x_wconf 92' lang='lat' dir='ltr'><strong>S.</strong></span> <span class='ocrx_word' id='word_1_334' title='bbox 621 2938 730 2960; x_wconf 84' lang='lat' dir='ltr'><strong>coreo.</strong></span> <span class='ocrx_word' id='word_1_335' title='bbox 944 2928 957 2947; x_wconf 80' lang='lat'><strong>2</strong></span> <span class='ocrx_word' id='word_1_336' title='bbox 972 2929 1046 2959; x_wconf 93' lang='lat' dir='ltr'><strong>MS.</strong></span> <span class='ocrx_word' id='word_1_337' title='bbox 1065 2938 1123 2969; x_wconf 85' lang='lat' dir='ltr'><strong>per</strong></span> <span class='ocrx_word' id='word_1_338' title='bbox 1139 2938 1268 2959; x_wconf 87' lang='lat' dir='ltr'><strong>sonum.</strong></span> <span class='ocrx_word' id='word_1_339' title='bbox 1487 2927 1499 2946; x_wconf 77' lang='lat'>³</span> <span class='ocrx_word' id='word_1_340' title='bbox 1511 2927 1586 2957; x_wconf 88' lang='lat' dir='ltr'><strong>MS.</strong></span> <span class='ocrx_word' id='word_1_341' title='bbox 1605 2932 1685 2968; x_wconf 80' lang='lat' dir='ltr'><strong>pria.</strong></span> 
     </span>
     <span class='ocr_line' id='line_1_46' title="bbox 501 2979 1730 3022; baseline -0.002 -11"><span class='ocrx_word' id='word_1_342' title='bbox 501 2980 513 2998; x_wconf 65' lang='lat'><strong>⁴²</strong></span> <span class='ocrx_word' id='word_1_343' title='bbox 526 2981 601 3012; x_wconf 88' lang='lat' dir='ltr'><strong>MS.</strong></span> <span class='ocrx_word' id='word_1_344' title='bbox 619 2979 649 3022; x_wconf 61' lang='grc' dir='ltr'><strong>(ἶ.</strong></span> <span class='ocrx_word' id='word_1_345' title='bbox 1492 2979 1503 2997; x_wconf 73' lang='grc'>5</span> <span class='ocrx_word' id='word_1_346' title='bbox 1517 2979 1592 3010; x_wconf 90' lang='lat' dir='ltr'><strong>MS.</strong></span> <span class='ocrx_word' id='word_1_347' title='bbox 1610 2980 1730 3020; x_wconf 84' lang='lat' dir='ltr'><strong>rogari.</strong></span> 
     </span>
    </p>
   </div>
  </div>
 </body>
</html>
