2052 3278
114 959 189 991 Lib.
208 959 249 991 de

117 1003 292 1035 Miraculis

116 1047 254 1079 B.V.M.

110 2202 151 2234 V.
159 2203 209 2241 P.,
226 2203 268 2240 V,

110 2245 221 2278 Verba

111 2290 202 2327 Sen.‚
215 2290 261 2327 iii,
272 2299 313 2322 20

109 2333 154 2375 (p·
167 2334 289 2376 566·7)·

340 212 417 243 102
769 202 963 244 LIBER
996 203 1447 248 EXEMPLORUM

335 318 376 357 in
399 318 478 359 hec
498 318 635 359 verba.
709 319 912 372 Quadam
935 320 1005 360 die
1031 333 1128 360 cum
1160 320 1215 361 de
1243 322 1414 362 civitate
1445 322 1508 362 vir
1536 327 1708 362 sanctus
1737 323 1874 362 exiret

333 391 380 426 ut
401 393 641 428 sanctorum
675 388 898 428 martirum
935 387 1140 430 Iohannis
1169 395 1211 430 et
1243 389 1347 443 Cyri
1379 391 1634 431 memoriam
1666 390 1874 431 orationis

333 455 469 508 gratia
490 456 688 505 visitaret,
710 458 891 497 occurrit
922 458 959 497 ei
993 458 1145 498 mulier
1165 459 1356 500 clamans
1378 465 1420 500 et
1442 460 1613 499 dicens:
1650 459 1873 509 ‘Domine‚

332 525 504 565 vindica
537 539 617 574 me,
654 526 753 578 quia
789 525 985 567 iniuriam
1024 528 1171 580 pacior
1202 541 1227 568 a
1259 542 1421 582 genero
1455 528 1593 570 meo’.
1678 529 1872 582 Quidam

332 594 566 636 familiares
598 597 806 648 patriarce
845 596 1072 637 dixerunt:
1117 598 1342 648 ‘Domine
1376 612 1472 639 cum
1510 611 1702 639 reversus
1736 598 1875 648 fueris,

330 663 475 704 audies
495 677 668 704 causam
691 663 814 707 eius’.
900 664 963 705 At
984 664 1053 706 ille
1075 681 1083 706 :
1116 670 1124 687 ‘
1143 666 1250 720 Quis
1273 667 1378 707 mihi
1412 667 1536 708 dabit
1566 668 1870 708 certitudinem

330 733 443 785 quod
468 739 656 773 revertar
674 733 743 773 vel
765 733 880 786 quod
900 735 1043 775 vivam
1067 736 1110 775 in
1143 735 1406 777 crastinum?
1426 742 1499 777 aut
1532 738 1752 789 quomodo
1785 751 1876 777 sus-

329 801 458 854 cipiet
481 802 599 842 Deus
621 815 768 855 preces
791 816 922 852 meas,
952 804 986 844 si
1021 817 1103 857 ego
1129 817 1338 858 pauperes
1369 806 1515 846 audire
1548 809 1846 859 contempno?
1867 806 1875 820 '

331 870 480 911 Noluit
501 884 604 925 ergo
621 871 674 912 de
695 871 788 912 loco
811 873 1006 913 recedere
1028 874 1166 914 donec
1188 874 1451 915 satisfactum
1476 881 1540 915 est
1563 874 1740 916 mulieri.

420 942 536 993 (173)
572 940 715 994 Quam
739 942 983 982 mercedem
1006 948 1238 995 expectare
1258 943 1429 984 valeant
1450 943 1593 984 iniusti
1623 944 1780 984 iudices
1801 957 1880 984 ex-

330 1009 521 1062 emplum
564 1009 691 1050 docet
725 1011 839 1062 quod
873 1011 916 1050 in
959 1010 1102 1052 libello
1133 1011 1291 1065 legitur
1331 1013 1385 1052 de
1429 1012 1643 1053 miraculis
1686 1012 1879 1066 Virginis

327 1078 521 1132 gloriose.
584 1078 809 1132 Siquidem
834 1078 1011 1120 refertur
1025 1080 1183 1121 ibidem
1205 1082 1320 1134 quod
1345 1081 1386 1121 in
1409 1080 1512 1122 urbe
1534 1081 1679 1122 Roma
1700 1082 1877 1135 quidam

331 1147 578 1200 Stephanus
614 1148 789 1188 nomine
824 1148 955 1189 iudex
990 1151 1243 1190 constitutus
1275 1163 1377 1203 sepe
1419 1163 1597 1191 munera
1630 1152 1879 1204 accipiendo

328 1217 529 1257 iudicium
552 1216 824 1270 pervertebat
847 1223 890 1257 et
911 1216 1004 1257 aliis
1025 1230 1112 1257 non
1143 1218 1292 1259 debita
1321 1218 1478 1268 dando,
1510 1219 1603 1259 aliis
1635 1233 1710 1260 sua
1741 1220 1877 1261 aufer-

328 1287 440 1326 endo
462 1285 618 1326 multos
641 1285 795 1326 iniuste
816 1286 1043 1329 iudicabat.
1111 1287 1198 1327 Iste
1227 1293 1326 1340 post
1349 1301 1507 1341 paucos
1538 1290 1631 1329 dies
1653 1289 1879 1330 defunctus

328 1362 403 1405 est,
425 1362 468 1395 et
484 1355 677 1408 precibus
699 1356 836 1396 sancti
855 1355 1035 1396 Preiecti
1068 1356 1258 1409 episcopi
1292 1363 1335 1397 et
1365 1358 1561 1407 martiris,
1596 1359 1662 1398 cui
1696 1359 1878 1399 devotus

327 1424 563 1474 exstiterat,
586 1424 790 1465 liberatus
810 1423 959 1474 fuerat,
981 1438 1078 1465 cum
1112 1431 1260 1465 tamen
1295 1426 1458 1466 meritis
1491 1427 1575 1467 suis
1607 1427 1880 1481 exigentibus

327 1493 631 1546 dampnandus
653 1499 756 1533 erat.
819 1492 946 1533 Dixit
967 1499 1111 1534 autem
1144 1494 1258 1547 quod
1293 1508 1390 1535 cum
1428 1494 1653 1536 duceretur
1684 1497 1738 1536 ad
1773 1497 1881 1537 iudi—

326 1563 437 1602 cium
460 1562 608 1602 iudicis
630 1561 838 1610 altissimi,
862 1562 971 1602 dans
988 1569 1140 1603 contra
1162 1577 1259 1603 eum
1282 1564 1497 1605 Dominus
1514 1564 1716 1605 iudicium
1740 1566 1878 1606 dixit:

327 1632 495 1686 ‘Quam
520 1632 775 1672 multociens
796 1631 935 1672 aliena
966 1632 1144 1673 abstulit
1175 1639 1217 1673 et
1250 1647 1431 1674 munera
1462 1635 1713 1689 accipiendo
1748 1649 1881 1688 prave

327 1700 429 1754 [fol.
454 1701 557 1754 ooa]
580 1701 772 1741 iudicans
797 1702 1025 1742 veritatem
1058 1703 1265 1752 vendidit,
1300 1703 1479 1756 dignum
1511 1711 1577 1745 est
1607 1718 1704 1745 eum
1740 1705 1802 1745 ire
1834 1706 1877 1745 in

327 1771 420 1810 loco
445 1770 552 1811 Iude
574 1770 791 1810 traditoris
807 1769 824 1812 '.
888 1769 974 1811 Sed
1010 1777 1161 1811 sancto
1194 1772 1387 1812 Preiecto
1418 1786 1495 1825 pro
1528 1787 1579 1814 eo
1612 1774 1794 1814 orante1
1822 1775 1876 1814 ad

328 1840 567 1880 Dominum
590 1846 852 1893 cooperante
874 1840 958 1880 Dei
981 1842 1187 1894 genitrice
1211 1841 1350 1881 Maria
1382 1842 1584 1883 liberatus
1616 1849 1681 1883 est
1717 1850 1760 1884 et
1792 1843 1882 1884 vite

327 1910 555 1959 restitutus,
579 1910 793 1963 accipiens
815 1911 1007 1963 spacium
1032 1920 1086 1962 30
1114 1911 1279 1951 dierum
1316 1912 1370 1951 ad
1405 1912 1693 1964 penitenciam
1718 1912 1880 1966 persol—

325 1979 735 2029 vendam—Vides,
750 1978 881 2020 iudex
895 1980 1064 2028 iniuste,
1078 1994 1208 2032 quam
1224 1982 1345 2022 triste
1360 1982 1561 2022 iudicium
1576 1982 1708 2023 habes
1722 1996 1882 2035 expec—

325 2055 424 2089 tare.
490 2048 716 2103 Expectat
751 2056 794 2089 te
819 2049 948 2090 Iudas
970 2050 1164 2103 proditor
1184 2057 1241 2100 ut,
1265 2052 1336 2104 qui
1359 2052 1555 2104 proditor
1576 2066 1620 2093 es
1643 2052 1882 2094 Christian-

324 2132 459 2168 orum,
483 2118 715 2172 proditoris
739 2118 898 2160 Christi
920 2121 1099 2173 recipias
1122 2120 1391 2173 supplicium.

413 2188 535 2241 (174)
569 2187 618 2228 In
642 2188 768 2229 Vitas
791 2188 967 2229 Patrum
991 2189 1175 2243 legimus
1196 2190 1310 2243 quod
1340 2189 1493 2243 aliquis
1527 2191 1659 2232 frater
1686 2193 1878 2233 converti

326 2256 461 2298 voluit
485 2264 528 2297 et
548 2257 767 2311 prohibuit
790 2271 888 2298 eum
915 2264 1055 2299 mater
1076 2272 1164 2301 sua.
1231 2259 1308 2300 Ille
1339 2265 1484 2300 autem
1509 2274 1594 2301 non
1629 2261 1880 2314 quiescebat

328 2327 385 2367 ab
406 2328 654 2368 intencione
676 2341 761 2377 sua,
784 2326 933 2368 dicens
957 2343 965 2368 :
999 2329 1141 2370 ‘Volo
1163 2328 1327 2370 salvare
1344 2331 1535 2371 animam
1558 2345 1701 2372 meam
1717 2330 1734 2372 '.
1801 2332 1880 2372 Illa

327 2404 471 2438 autem
495 2399 686 2439 renitens
709 2405 861 2451 postea
882 2405 1031 2439 tamen
1056 2401 1261 2453 permisit,
1284 2406 1327 2441 et
1363 2400 1498 2441 factus
1534 2407 1600 2442 est
1633 2401 1881 2452 monachus,

327 2467 405 2507 sub
431 2467 720 2521 necgligentia
741 2469 878 2509 vitam
900 2482 1021 2509 suam
1044 2470 1308 2522 expendens.
1372 2469 1430 2510 Et
1451 2471 1632 2524 contigit
1663 2477 1710 2512 ut
1742 2478 1882 2512 mater

325 2550 402 2577 sua
438 2545 688 2587 moreretur,
726 2543 769 2577 et
806 2538 1043 2579 monachus
1080 2538 1187 2579 filius
1210 2540 1299 2580 eius
1322 2539 1629 2582 infirmabatur.
1699 2541 1758 2582 Et
1781 2555 1877 2582 cum

327 2606 461 2646 factus
503 2606 651 2647 fuisset
690 2606 733 2646 in
770 2607 923 2655 extasi,
973 2614 1121 2660 raptus
1162 2607 1242 2648 fuit
1278 2609 1332 2648 ad
1375 2609 1588 2658 iudicium,
1630 2615 1673 2650 et
1714 2611 1882 2650 invenit

329 2683 513 2716 matrem
556 2688 677 2716 suam
711 2689 807 2716 cum
850 2675 931 2716 hiis
972 2677 1044 2728 qui
1086 2676 1396 2720 indicabantur.
1463 2677 1542 2718 Illa
1583 2685 1738 2728 autem,
1780 2693 1876 2719 cum

328 2745 492 2786 videret
514 2758 624 2795 eum,
648 2746 880 2799 obstupuit,
903 2751 946 2786 et
969 2746 1108 2786 dixit:
1144 2746 1283 2799 ‘Quid
1307 2754 1371 2787 est
1392 2747 1487 2797 hoc,
1517 2748 1606 2790 fili?
1669 2749 1757 2790 Ubi
1780 2755 1883 2789 sunt

329 2827 550 2855 sermones
583 2816 643 2856 tui
677 2827 784 2868 quos
825 2815 1082 2868 loquebaris,
1115 2816 1290 2857 dicens:
1325 2816 1440 2858 Volo
1479 2817 1645 2858 salvare
1685 2819 1878 2858 animam

983 2905 994 2924 ¹
1010 2905 1083 2937 MS.
1109 2905 1227 2937 oravit.
