2052 3278
607 240 692 281 DE
726 239 909 281 VANA
944 237 1187 279 GLORIA
1612 245 1661 287 91

128 361 320 399 civitatis
352 359 475 398 huius
510 357 670 408 angulo
701 354 968 396 conversari.'
1043 353 1107 393 Illi
1140 357 1284 392 autem
1315 350 1540 391 dicebant:
1576 349 1670 388 ‘In-

133 428 336 481 possibile
376 434 440 468 est
482 439 592 466 nunc
633 431 676 464 te
718 423 960 464 huiusmodi
1002 435 1120 472 esseg
1164 428 1229 462 set
1265 420 1414 461 labore
1448 418 1586 458 multo
1627 423 1671 457 et

126 498 287 537 sudore
308 497 454 537 venies
476 496 555 535 huc
576 495 610 534 si
624 493 637 516 1
660 500 807 533 tamen
830 491 1001 533 tibimet
1020 492 1109 532 vim
1131 490 1284 531 inferre
1306 489 1492 543 potueris
1505 487 1525 529 '.

220 565 342 619 (149)
377 565 494 605 Inter
525 561 728 615 exempla
762 560 953 601 Deodati
984 574 1086 600 vero
1125 559 1206 600 hoc
1242 559 1374 599 etiam
1415 555 1667 610 exemplum
1685 557 1846 606 Exempla

126 648 256 687 super
277 635 356 674 hac
378 634 555 673 materia
576 632 724 684 reperi,
742 630 941 670 videlicet
961 629 1076 682 quod
1098 630 1258 669 demon
1280 642 1356 681 per
1377 641 1424 667 os
1445 625 1668 666 cuiusdam
1684 601 1836 632 Deodan.

128 703 345 743 demonici
366 701 555 754 loquens,
573 713 668 740 cum
689 699 917 752 requisitus
940 703 1052 737 esset
1073 712 1097 737 a
1119 698 1248 737 fratre
1274 697 1466 737 Iordano
1486 694 1670 735 condam

134 773 343 824 magistro
378 771 541 812 ordinis
575 768 904 822 predicatorum,
938 766 1041 819 quid
1076 772 1296 819 pateretur
1331 771 1379 806 ut
1409 770 1559 818 posset
1590 763 1672 803 sal-

127 841 222 880 vari
244 840 346 893 [sol.
371 839 471 892 82⁶2]
492 840 535 879 in
557 839 627 878 die
649 837 803 885 iudicii,
826 836 1073 888 respondit:
1111 834 1179 875 ‘Si
1202 840 1321 875 totus
1344 840 1459 874 esset
1491 832 1674 872 mundus

131 909 425 950 infiammatus
446 908 501 949 ab
522 909 688 948 oriente
719 908 762 946 in
793 906 1064 946 occidentem
1088 910 1132 944 et
1154 904 1210 945 ab
1230 903 1434 956 aquilone
1453 916 1590 955 usque
1619 902 1673 942 ad

131 986 337 1029 austrum,
361 979 461 1019 illud
490 983 758 1018 tormentum
789 974 1084 1028 sustinere[m]
1115 973 1297 1014 libenter
1327 986 1460 1026 usque
1482 973 1536 1013 ad
1559 972 1674 1012 diem

128 1048 273 1089 >iudicii
315 1048 369 1089 ad
412 1049 492 1088 hoc
533 1047 647 1100 quod
685 1059 938 1098 recuperare
974 1057 1148 1097 possem
1186 1043 1303 1096 quod
1340 1043 1475 1083 amisi.
1539 1042 1599 1081 Et
1641 1042 1675 1081 si

126 1118 361 1170 »columpna
394 1118 521 1170 ignea
555 1116 683 1169 plena
715 1115 875 1156 aculeis
908 1114 1044 1154 acutis
1079 1119 1192 1153 esset
1223 1112 1277 1152 de
1309 1118 1423 1152 terra
1444 1111 1500 1152 ad
1522 1110 1674 1159 celum,

130 1200 213 1240 ego
234 1187 394 1239 septies
418 1188 461 1226 in
482 1186 553 1225 die
582 1185 862 1225 ascenderem
884 1190 928 1224 et
949 1182 1257 1223 descenderem
1289 1195 1367 1235 per
1397 1194 1494 1221 eam
1516 1180 1571 1220 ad
1594 1180 1677 1220 hoc

126 1258 247 1309 >quod
270 1269 443 1310 possem
465 1255 606 1295 salvus
629 1254 718 1294 fieri
739 1254 781 1293 in
814 1253 883 1293 die
914 1252 1067 1292 iudicii.
1122 1251 1180 1291 Et
1201 1250 1334 1291 nichil
1356 1249 1483 1291 nobis
1505 1254 1676 1290 tantum

131 1325 328 1378 displicet
364 1331 408 1364 et
444 1338 525 1364 nos
562 1330 715 1378 gravat
751 1335 883 1375 quam
916 1321 1031 1374 quod
1074 1327 1131 1369 tu,
1170 1322 1241 1373 qui
1279 1326 1393 1359 terra
1430 1333 1476 1359 es
1518 1325 1562 1359 et
1602 1332 1677 1358 vas

126 1400 379 1442 stercorum,
415 1393 518 1434 illud
554 1392 759 1446 gaudium
798 1391 956 1432 habere
992 1389 1195 1431 deberes.’

220 1465 340 1516 (150)
386 1463 520 1503 Aliud
563 1461 816 1514 exemplum
857 1460 912 1500 de
953 1459 1129 1499 eisdem.
1213 1459 1313 1498 Duo
1355 1456 1557 1498 monachi
1599 1456 1678 1496 sibi

131 1533 315 1573 invicem
337 1531 568 1572 familiares
600 1531 856 1584 pepigerunt
888 1529 1000 1568 inter
1032 1542 1088 1576 se,
1112 1534 1158 1568 ut
1190 1528 1262 1580 qui
1295 1527 1412 1580 prius
1442 1532 1679 1566 moreretur

128 1608 295 1642 statum
316 1614 440 1641 suum
462 1600 682 1653 superstiti
713 1599 948 1647 nunciaret,
980 1598 1013 1637 si
1045 1597 1245 1637 voluntas
1279 1596 1364 1636 Dei
1396 1595 1677 1648 permitteret.

134 1671 260 1712 Unus
296 1677 444 1711 autem
476 1683 623 1710 eorum
660 1668 747 1718 cito
781 1672 881 1721 post
911 1668 1029 1707 viam
1062 1668 1261 1707 universe
1294 1667 1433 1706 carnis
1466 1667 1678 1718 ingressus

133 1747 245 1793 post.
275 1740 501 1780 dimidium
542 1752 705 1778 annum
745 1738 939 1790 elapsum
981 1738 1100 1777 socio
1152 1750 1229 1777 suo
1280 1737 1323 1776 in
1375 1749 1528 1776 aurora
1579 1740 1679 1787 post

131 1810 371 1850 matutinas
394 1809 532 1848 oranti
555 1821 630 1861 per
658 1806 892 1847 fenestram
927 1806 1145 1859 quandam
1178 1819 1275 1846 cum
1299 1819 1458 1858 magna
1485 1803 1680 1845 claritate

132 1879 334 1931 apparuit
376 1878 548 1917 dicens:
602 1874 909 1916 ‘Benedicite’.
991 1874 1077 1928 Qui
1127 1888 1225 1914 cum
1276 1880 1390 1914 esset
1442 1874 1562 1913 socio
1603 1885 1680 1912 suo

134 1948 330 1999 cognitus
366 1952 410 1986 et
439 1946 495 1986 ab
516 1959 568 1986 eo
596 1945 828 1997 requisitus
865 1944 1086 1997 quomodo
1122 1957 1169 1983 se
1198 1943 1392 1991 haberet,
1430 1942 1676 1995 respondit:

135 2015 280 2056 ‘Sicut
312 2015 554 2055 audivimus
591 2015 650 2054 sic
686 2014 870 2054 vidimus
906 2014 949 2053 in
986 2013 1165 2053 civitate
1203 2012 1394 2061 Domini,
1416 2017 1460 2051 et
1482 2011 1604 2064 plura
1635 2010 1678 2050 in
1694 2015 1747 2045 ΡΞ.
1766 2013 1856 2051 xlvii,

135 2085 354 2125 infinitum
374 2083 381 2096 ’
400 2099 407 2125 2
433 2090 476 2124 et
498 2084 648 2124 statim
670 2083 891 2135 disparuit.
1691 2067 1721 2096 9-

703 2192 771 2232 De
802 2206 917 2231 vana
941 2191 1096 2243 gloria.

224 2281 340 2331 (151)
379 2280 429 2319 In
460 2279 587 2319 Vitas
624 2279 799 2319 Patrum
833 2278 887 2318 de
917 2291 1029 2317 vana
1061 2277 1198 2330 gloria
1230 2275 1385 2329 legitur
1417 2277 1498 2317 hoc
1532 2289 1679 2317 exem-
1692 2278 1787 2315 V.P.‚
1807 2279 1848 2315 V,

136 2349 268 2402 plum.
330 2349 481 2388 Frater
521 2348 633 2388 dixit
674 2347 820 2388 abbati
868 2347 1057 2387 Pastori:
1113 2346 1183 2387 ‘Si
1224 2345 1385 2386 dedero
1425 2346 1542 2386 fratri
1584 2322 1871 2403 meoggfflaxffi,

138 2420 356 2460 modicum
391 2419 513 2471 panis
549 2425 622 2458 aut
658 2417 820 2470 aliquid
853 2417 981 2466 aliud,
1015 2417 1224 2457 demones
1257 2417 1450 2469 polluunt
1486 2415 1599 2465 illud,
1635 2407 1882 2455 ut5(P·515)·

139 2489 334 2529 videatur
364 2489 417 2528 ad
442 2487 708 2541 'placendum
745 2486 991 2527 hominibus
1027 2486 1146 2526 fieri'.
1210 2485 1269 2525 Et
1299 2486 1413 2526 dixit
1444 2486 1482 2525 ei
1521 2498 1679 2525 senex:

137 2561 148 2577 “
168 2558 227 2598 Et
268 2559 301 2597 si
341 2557 398 2596 ad
439 2556 698 2610 placendum
741 2555 987 2596 hominibus
1033 2554 1116 2596 tale
1160 2569 1267 2609 opus
1311 2554 1369 2603 fit,
1416 2568 1496 2595 nos
1539 2560 1684 2594 tamen

141 2626 351 2667 debemus
374 2624 572 2665 fratribus
595 2625 771 2678 prebere
793 2623 895 2676 [fol.
919 2623 1017 2677 82b]
1038 2624 1153 2676 quod
1172 2629 1303 2677 egent
1316 2622 1336 2663 '.
1390 2623 1519 2663 Dixit
1540 2629 1684 2662 autem

139 2697 180 2736 ei
209 2695 459 2748 parabolam
489 2693 632 2734 talem.
695 2694 819 2733 ‘Duo
852 2692 1050 2733 homines
1082 2699 1205 2732 erant
1232 2691 1416 2745 agricole
1443 2692 1686 2731 habitantes

146 2765 189 2804 in
231 2777 317 2804 una
355 2762 552 2813 civitate3
598 2768 640 2802 et
680 2775 789 2802 unus
824 2775 880 2801 ex
916 2763 977 2802 eis
1013 2763 1231 2802 seminans
1266 2760 1437 2814 collegit
1472 2774 1606 2814 pauca
1644 2768 1686 2802 et

142 2833 343 2882 sordida;
384 2830 486 2871 alius
523 2838 668 2871 autem
703 2830 951 2884 necgligens
983 2832 1193 2870 seminare
1225 2830 1403 2870 omnino
1435 2829 1565 2870 nichil
1600 2831 1686 2871 col-

824 2920 833 2938 1
852 2920 927 2951 MS.
947 2926 1008 2951 set.
