2052 3278
96 1696 216 1728 Manu-

96 1741 148 1772 ale
160 1740 213 1782 (?).

97 2103 183 2135 Ibid.

316 188 372 229 70
752 179 943 220 LIBER
976 178 1427 222 EXEMPLORUM

315 295 385 334 die
407 301 450 335 et
471 294 578 335 hora
600 296 754 336 eadam
778 296 820 335 in
842 308 953 348 equo
973 296 1150 335 veniens
1163 296 1218 336 ad
1237 297 1419 336 eandem
1437 295 1661 336 ecclesiam
1679 303 1856 350 propter

314 377 489 415 puerum
513 369 799 404 memoratum
821 364 1153 413 extrahendum,
1178 363 1289 405 ferro
1319 371 1556 418 coopertus,
1588 377 1684 404 cum
1706 364 1855 406 lancea

314 432 491 482 elevata,
526 434 617 472 visu
653 432 893 480 furibundo,
929 432 1153 473 ecclesiam
1190 433 1403 474 nitebatur
1436 432 1630 485 ingredi;
1664 438 1728 473 set
1763 447 1852 474 non

313 500 544 542 obediebat
566 501 604 541 ei
626 501 867 542 dextrarius
901 515 1010 551 suus,
1043 501 1302 554 prohibente
1335 508 1488 542 catena
1521 515 1578 541 ex
1612 507 1854 543 transverso

312 570 438 609 hastu
469 583 671 623 appensa,
698 584 828 624 quam
860 584 964 624 puer
995 577 1142 612 tamen
1177 572 1269 612 sine
1303 571 1500 611 molestia
1535 572 1852 613 transvolasset.

314 637 392 679 Set
432 652 530 679 ecce
574 641 757 682 miseria.
839 640 949 682 Cum
991 647 1142 694 postea
1180 642 1222 681 in
1260 640 1453 694 partibus
1495 640 1580 680 suis
1612 640 1752 680 exiret
1783 641 1853 681 die

312 708 502 760 quodam
546 723 644 750 cum
686 724 764 750 ave
808 723 883 750 sua
924 709 1195 764 predatoria,1
1235 712 1329 750 niso
1377 710 1419 749 ni
1466 708 1594 759 fallor,
1643 715 1686 750 et
1730 723 1853 750 avem

311 778 480 818 retisset
501 791 581 819 nec
602 785 701 832 post
723 779 778 820 de
809 779 961 820 arbore
990 779 1061 820 ubi
1091 779 1307 820 resederat
1338 779 1600 819 descendere
1635 779 1853 828 voluisset,

311 846 505 888 lanceam
528 848 613 888 iam
636 849 796 890 dictam
821 863 948 902 quam
973 849 1069 889 illuc
1091 862 1235 889 secum
1258 850 1403 902 garcio
1421 847 1531 888 illius
1553 847 1778 898 detulerat,
1797 850 1852 889 ad

311 930 437 957 avem
471 919 662 970 superius
695 919 907 969 extendit,
941 925 987 959 ut
1024 918 1114 959 avis
1148 918 1421 959 extremitati
1454 918 1601 958 lancee
1623 917 1789 958 elevate
1810 932 1856 958 se

310 985 561 1039 applicaret,
581 994 627 1028 ut
648 989 707 1028 eis
731 1001 824 1028 mos
846 993 923 1038 est,
950 994 993 1028 et
1014 987 1075 1028 sic
1096 1001 1220 1028 avem
1243 987 1298 1027 ad
1321 1000 1367 1027 se
1389 987 1605 1039 reciperet.
1671 987 1856 1028 Levavit

308 1060 454 1096 autem
478 1070 641 1097 sursum
662 1058 987 1098 extremitatem
1003 1057 1189 1110 ligneam
1207 1056 1317 1097 ferro
1335 1057 1534 1097 deorsum
1549 1056 1852 1109 dependente3

308 1130 352 1166 et
374 1140 472 1167 ecce
492 1134 643 1168 ruente
662 1128 835 1177 ultione,
857 1133 1034 1180 urgente
1056 1127 1391 1179 ponderositate,
1414 1126 1560 1166 lancea
1580 1127 1701 1179 quasi
1717 1126 1855 1167 fluens

308 1197 489 1236 cucurrit
529 1197 728 1237 deorsum
762 1202 805 1237 et
837 1197 978 1250 ipsum
1013 1194 1153 1236 subito
1188 1209 1321 1249 usque
1354 1196 1408 1235 ad
1446 1209 1518 1235 cor
1554 1195 1744 1235 confodit
1777 1209 1855 1248 per

309 1263 480 1314 collum,
514 1265 612 1305 Deo
642 1266 697 1306 de
718 1279 771 1306 eo
805 1267 962 1305 iustam
985 1265 1222 1305 vindictam
1252 1269 1502 1317 expetente,
1523 1270 1569 1304 ut
1598 1265 1669 1317 qui
1706 1264 1854 1305 lancea

309 1333 448 1374 levata
463 1334 684 1375 ecclesiam
710 1334 794 1374 Dei
811 1333 1048 1375 violentare
1070 1333 1298 1383 nitebatur,
1316 1333 1472 1373 eadam
1490 1332 1638 1373 lancea
1654 1339 1853 1387 ternpore

309 1410 522 1456 oportuno
543 1403 645 1457 [fol.
668 1402 768 1457 67b]
789 1403 1104 1443 confoderetur.
1169 1401 1264 1442 Hec
1288 1403 1348 1442 ita
1370 1409 1476 1442 nota
1508 1408 1606 1442 sunt
1639 1404 1747 1443 sicut
1769 1417 1854 1456 que

310 1474 505 1513 videmus
522 1474 677 1515 cotidie
691 1474 823 1514 oculis
840 1472 1009 1514 nostris.
1054 1472 1248 1513 Videant
1268 1486 1370 1525 ergo
1385 1473 1458 1525 qui
1475 1473 1564 1512 iura
1578 1472 1851 1513 ecclesiarum

311 1549 522 1583 temerare
543 1549 805 1596 presumunt,
840 1542 941 1595 quid
977 1541 1259 1594 respondebit
1293 1543 1353 1581 eis
1389 1542 1535 1582 divina
1556 1542 1735 1589 iusticia,
1771 1555 1855 1595 que

310 1611 474 1665 absque
487 1611 618 1653 dubio
631 1611 723 1665 plus
745 1618 866 1652 curat
888 1612 943 1652 de
964 1612 1053 1652 iure
1075 1625 1204 1664 quam
1228 1612 1282 1651 de
1305 1612 1437 1651 muris
1459 1609 1765 1652 ecclesiarum?

398 1683 517 1735 (119)
552 1680 709 1721 Adhuc
731 1687 876 1721 autem
900 1680 984 1721 duo
1006 1681 1074 1721 hic
1096 1679 1299 1733 exempla
1329 1680 1470 1720 insero
1502 1680 1746 1720 mercedem
1779 1694 1856 1733 per

312 1750 495 1791 similem
518 1751 820 1804 promittencia
842 1750 1118 1792 violatoribus
1149 1749 1336 1800 ecclesie,
1371 1764 1456 1803 que
1486 1749 1660 1803 quidem
1694 1750 1853 1802 scripta

310 1826 409 1860 sunt
438 1820 479 1860 in
508 1820 617 1861 libro
638 1821 708 1874 qui
730 1820 884 1860 dicitur
917 1819 1130 1860 Manuale.
1195 1819 1386 1859 Primum
1417 1825 1482 1859 est
1507 1818 1600 1859 hoc.
1663 1818 1854 1873 Quidam

311 1891 488 1930 nomine
511 1889 722 1930 Richerus
755 1891 798 1930 in
822 1889 931 1931 cella
965 1889 1144 1930 ecclesie
1177 1889 1414 1929 adherente
1443 1890 1662 1942 propriam
1699 1902 1855 1942 agnos-

312 1972 411 2000 cens
443 1972 626 2000 uxorem
662 1961 722 2000 ita
756 1960 899 2000 eidem
932 1960 1040 1999 sicut
1060 1958 1176 1998 canis
1199 1959 1367 2006 inhesit,
1390 1964 1436 1998 ut
1457 1958 1512 1998 ad
1536 1964 1707 2012 tempus
1729 1957 1784 1998 ab
1805 1972 1857 1999 ea

310 2029 552 2069 nullatenus
574 2029 718 2069 divelli
743 2036 901 2082 posset.

397 2099 521 2151 (120)
555 2097 689 2138 Aliud
713 2104 860 2138 autem
884 2097 1046 2137 ibidem
1065 2095 1149 2137 hoc
1170 2102 1245 2137 est.
1310 2096 1497 2150 Quidam
1514 2110 1591 2136 rex
1606 2095 1857 2150 Longobar-

310 2169 463 2208 dorum
500 2168 714 2208 hereticus
752 2169 794 2208 in
825 2169 1036 2208 cimiterio
1069 2168 1205 2207 sancti
1242 2167 1449 2207 Iohannis
1483 2166 1650 2219 sepeliri
1669 2180 1716 2207 se
1737 2166 1851 2209 fecit.

311 2238 440 2280 Cuius
468 2239 681 2279 tumulum
710 2237 889 2291 quidam
920 2238 984 2277 vir
1012 2237 1245 2291 effringens
1278 2242 1546 2286 ornamenta,
1577 2249 1672 2277 cum
1703 2236 1858 2289 quibus

309 2315 455 2349 autem
477 2308 492 2331 2
527 2321 604 2348 rex
639 2308 830 2361 sepultus
861 2307 1009 2356 fuerat,
1042 2306 1303 2360 asportabat.
1366 2306 1523 2346 Eidem
1555 2319 1656 2346 vero
1688 2312 1855 2347 sanctus

314 2378 531 2418 lohannes
572 2390 649 2430 per
689 2377 899 2416 visionem
941 2376 1079 2416 dixit:
1132 2374 1244 2416 ‘Cur
1284 2389 1411 2415 ausus
1453 2389 1498 2415 es
1539 2389 1692 2429 corpus
1736 2376 1859 2415 istius

311 2447 500 2487 hominis
524 2445 774 2497 contingere
799 2445 996 2498 quamvis
1020 2445 1146 2485 fuerit
1167 2458 1255 2484 non
1278 2450 1391 2484 recte
1413 2445 1601 2494 credens,
1623 2458 1719 2485 cum
1753 2445 1857 2485 mihi

312 2531 357 2557 se
374 2515 658 2556 comendavit
680 2519 696 2556 ?
758 2514 872 2568 Quia
908 2528 1010 2568 ergo
1042 2514 1122 2554 hoc
1145 2514 1284 2554 facere
1311 2515 1611 2568 presumpsisti
1632 2527 1854 2567 nunquam

312 2587 354 2626 in
379 2599 521 2626 meam
547 2584 769 2627 basilicam
793 2584 995 2637 deinceps
1018 2584 1255 2637 ingressum
1288 2582 1495 2624 habebis)
1568 2583 1696 2637 Quod
1720 2590 1763 2623 et
1796 2584 1855 2623 ita

312 2654 470 2695 factum
513 2660 590 2697 est.
674 2654 789 2694 Nam
823 2653 1215 2706 quocienscumque
1248 2652 1455 2693 voluisset
1490 2653 1606 2694 beati
1651 2652 1858 2692 Iohannis

312 2724 480 2778 ingredi
507 2725 740 2773 ecclesiam,
764 2724 924 2772 statim,
945 2723 1062 2763 velut
1084 2728 1232 2775 guttur
1260 2724 1351 2762 eius
1373 2723 1428 2763 ab
1469 2723 1576 2763 alico
1594 2722 1857 2763 validissime

315 2793 527 2843 feriretur,
550 2793 691 2834 subito
712 2799 827 2833 retro
849 2791 998 2833 ruebat
1019 2791 1238 2846 impulsus.

710 2877 721 2897 1
736 2879 809 2910 MS.
828 2877 997 2919 p’datiam.
1311 2876 1323 2896 2
1335 2877 1408 2908 MS.
1429 2881 1458 2909 a.
