2025 3175
309 154 406 194 xxii
470 154 672 195 INDEX
706 152 1134 195 RUBRICARUM
1169 151 1249 193 ET
1283 150 1752 194 CAPITULORUM

1764 273 1845 296 PAG.

338 320 431 372 (22)
464 321 533 361 De
555 321 761 362 diabolo'
750 335 793 361 in
815 319 958 374 effigie
978 321 1096 361 canis
1326 353 1352 361 ..

336 390 430 441 (23)
463 389 532 430 De
553 390 645 430 viro
669 390 752 431 Dei
775 389 837 443 [S.
861 389 1103 443 Bernardo]
1125 353 1342 430 infirmato

336 457 428 510 (24)
462 458 532 499 De
582 458 629 499 Β.
682 459 922 500 Edmundo
963 465 1007 499 et
1056 457 1230 499 diabolo
1270 459 1312 498 in
1357 456 1500 511 effigie
1539 420 1702 499 bestiae

576 527 791 569 horribilis
1690 559 1698 566 -

458 596 527 637 De
546 611 672 640 cruce.

332 665 425 717 (25)
457 665 528 707 De
549 667 725 707 moniali
747 667 958 708 lactucam
980 667 1237 707 comedente

333 735 423 788 (26)
457 735 526 776 De
550 735 712 777 Iudaeo
733 737 806 790 qui
828 737 935 777 vidit
956 737 1183 777 concilium
1205 736 1442 776 demonum

332 805 419 855 (27)
455 803 584 857 Quod
608 805 813 846 Theodas
836 819 987 859 magus
1017 805 1132 845 misit
1162 805 1371 846 demones
1403 804 1456 845 ad
1490 803 1698 856 Iosaphat

330 873 422 926 (28)
457 874 635 915 Dictum
659 873 703 916 S.
727 873 968 915 Sincleticis

452 943 521 983 De
542 943 834 984 mzkerz’cordz'a
858 943 1114 984 salvatoris.

329 1011 422 1066 (29)
455 1011 725 1066 Exemplum
747 1014 803 1054 de
827 1013 873 1054 B.
897 1012 1041 1066 Carpo

450 1082 518 1122 De
539 1081 767 1123 nativitate
787 1082 838 1123 B.
854 1082 899 1123 V.
921 1082 1110 1123 Mariae.

323 1151 417 1203 (30)
450 1151 730 1192 Hieronimus
752 1152 806 1192 de
826 1152 1056 1192 nativitate
1079 1150 1255 1193 B.V.M.

327 1222 415 1272 (31)
452 1220 718 1274 Philosopho
749 1220 969 1261 incredulo
1000 1221 1206 1261 nativitas
1232 1220 1426 1274 Virginis
1458 1227 1501 1261 et
1533 1220 1692 1262 Christi

566 1290 755 1330 revelata
786 1296 851 1330 est
945 1322 973 1330 ..
1139 1323 1166 1331 ..

447 1358 515 1398 De
535 1359 788 1411 conceptzone
807 1359 858 1400 B.
875 1359 920 1401 V.
940 1359 1001 1399 M
998 1373 1129 1400 arzae

326 1429 411 1480 (32)
448 1427 517 1468 De
539 1428 704 1482 templo
726 1429 843 1481 pacis

325 1498 410 1549 (33)
448 1497 518 1537 De
538 1496 658 1538 fonte
679 1497 761 1538 olei

324 1568 409 1617 (34)
447 1566 516 1606 De
540 1565 632 1607 Ara
654 1565 774 1608 Coeli
940 1601 968 1608 ..

442 1635 840 1687 Defestzm'vztatzbus
858 1637 909 1678 B.
925 1637 972 1679 V.
997 1637 1185 1678 Manae.

321 1706 406 1756 (35)
444 1704 661 1746 Nativitas
684 1705 731 1747 Β.
736 1706 788 1747 V.
796 1706 855 1747 M.
937 1740 944 1748 .
976 1740 983 1748 .

320 1774 405 1825 (36)
443 1774 687 1816 Purificatio
710 1775 891 1819 B.V.M.

318 1845 403 1895 (37)
442 1844 689 1885 Purificatio
712 1845 758 1885 Β.
764 1845 816 1887 V.
823 1846 883 1887 M.

317 1914 402 1965 (38)
439 1912 696 1967 Assumptio
719 1914 766 1955 Β.
772 1915 825 1956 V.
833 1915 894 1956 M.

316 1984 400 2034 (39)
438 1983 507 2023 De
528 1989 726 2037 tempore
747 1986 1056 2038 assumptionis
1079 1949 1128 2028 Β
1131 1949 1187 2027 V.
1195 1986 1256 2028 M.

436 2052 505 2092 De
526 2053 749 2093 7722'racul2's
769 2053 819 2095 B.
837 2054 884 2096 V.
909 2054 1042 2094 Ma7
1022 2069 1098 2096 tae.

314 2124 398 2172 (40)
436 2121 506 2162 De
526 2122 680 2163 clerico
702 2122 817 2163 levi
806 2137 849 2163 1n
871 2122 978 2164 urbe
996 2123 1330 2165 Carnotensium

314 2193 398 2242 (41)
436 2191 505 2231 De
535 2191 688 2233 clerico
719 2194 791 2246 qui
828 2195 1073 2247 composuit
1104 2195 1392 2248 antiphonam
1427 2196 1470 2235 in
1505 2195 1677 2236 laudem

550 2261 742 2315 Virginis

312 2332 396 2380 (42)
433 2330 503 2370 De
525 2330 694 2372 latrone
716 2338 957 2374 sustentato
979 2348 1004 2374 a
1026 2333 1208 2387 Virgine

310 2401 395 2451 (43)
434 2399 503 2440 De
527 2400 719 2441 Henrico
741 2401 829 2443 filio
851 2401 923 2445 W.
947 2403 1002 2444 de
1026 2403 1269 2444 Eleindone

309 2470 393 2520 (44)
431 2468 630 2511 Oualiter
651 2471 789 2525 Virgo
811 2473 1013 2526 apparuit
1034 2473 1177 2513 iuveni
1200 2474 1315 2527 apud
1340 2437 1536 2515 sibilla-m

308 2540 392 2590 (45)
430 2538 629 2592 Qualiter
650 2540 789 2594 Virgo
810 2543 951 2583 oravit
973 2557 1050 2596 pro
1073 2543 1263 2596 quodam
1287 2549 1512 2597 peccatore

306 2610 390 2659 (46)
428 2609 497 2650 De
520 2611 676 2651 misero
698 2612 771 2664 qui
793 2612 931 2652 tenuit
952 2626 1144 2653 sororem
1168 2627 1290 2653 suam
1314 2612 1541 2653 fornicarie

305 2679 389 2728 (47)
426 2678 495 2719 De
518 2679 765 2733 Theophilo
785 2681 1062 2722 vicedomino
1083 2682 1138 2722 de
1161 2681 1322 2723 Adana

304 2749 388 2798 (48)
426 2749 494 2789 De
516 2749 694 2790 muliere
715 2751 831 2791 cuius
853 2750 962 2791 filius
984 2765 1214 2804 suspensus
1237 2758 1302 2792 est

304 2818 388 2870 (49)
425 2817 623 2871 Qualiter
644 2819 753 2861 RV.
777 2821 970 2873 protexit
991 2820 1166 2861 clericos
1188 2827 1338 2861 contra
1361 2821 1502 2875 fulgur

1796 329 1845 371 13

1796 400 1847 439 14

1793 537 1845 577 14

1792 675 1845 716 14

1792 742 1839 784 15

1792 803 1842 844 16

1789 883 1855 924 17,

1789 1021 1839 1063 17

1787 1162 1838 1205 19
