2052 3278
664 227 750 267 DE
784 192 1221 268 ELEEMOSYNA
1659 235 1712 275 77

173 344 373 395 quodam,
395 344 466 397 qui
497 343 617 383 dives
649 348 752 391 erat,
774 356 901 395 supra
932 342 1246 395 quinquaginta
1273 340 1402 382 libras
1422 339 1512 381 auri
1544 345 1715 380 mutuas

172 411 252 452 sibi
294 413 384 454 dari
435 411 643 466 poposcit,
684 410 869 451 offerens
911 411 1093 465 pignora
1143 411 1274 451 etiam
1326 409 1469 463 duplas
1496 409 1531 449 si
1572 409 1714 450 vellet.

174 480 377 522 Promisit
413 481 481 521 ille
522 480 759 521 subsidium
800 486 843 520 et
878 481 1091 521 dilacione
1124 479 1361 533 suspendit.
1424 477 1714 519 Exactoribus

171 549 313 590 denuo
349 548 738 602 constringentibus
776 562 874 589 eum
909 554 953 589 et
989 550 1198 589 instanter
1233 548 1493 601 urgentibus,
1529 547 1715 588 decurrit

170 619 225 659 ad
248 619 410 660 fontem
432 620 546 660 unde
567 632 719 659 omnes
749 617 1012 671 refrigerium
1033 618 1298 667 hauriebant,
1321 623 1363 658 et
1384 618 1497 671 patri
1519 617 1713 670 piissimo

168 687 388 729 articulum
429 688 695 729 necessitatis
744 688 924 739 exponit
963 700 1059 727 cum
1101 688 1287 727 lacrimis
1327 700 1474 740 preces
1512 686 1712 727 adiciens.

172 756 283 797 Mox
305 757 374 798 ille
396 763 537 798 motus
568 757 611 796 in
635 756 832 796 lacrimas
853 761 1002 796 votum
1025 757 1212 808 petentis
1234 755 1425 809 inplevit,
1448 762 1491 796 et
1512 756 1625 796 dixit
1656 756 1710 795 ad

169 838 292 866 eum:
327 827 435 875 ‘Do,
458 826 528 875 fili,
550 825 584 865 si
617 825 810 874 volueris,
832 831 876 865 et
908 825 1048 878 ipsum
1072 838 1158 877 quo
1188 826 1348 865 vestior
1373 825 1677 865 indumentum
1692 825 1710 866 '.

171 894 349 935 Etenim
409 908 505 935 cum
556 895 707 934 ceteris
767 894 994 934 virtutibus
1055 893 1323 934 admirandis
1383 894 1466 934 hoc
1518 894 1711 934 habebat

166 964 346 1018 insigne,
367 963 484 1016 quod
507 964 653 1004 videre
672 976 761 1004 non
792 969 961 1017 poterat
992 963 1179 1016 aliquem
1211 962 1508 1003 lacrimantem
1530 964 1634 1016 quin
1667 977 1712 1003 se

168 1034 316 1074 statim
359 1033 543 1073 lacrimis
581 1033 784 1085 irrigaret.
851 1032 1059 1085 Sequenti
1108 1039 1235 1073 nocte
1276 1034 1368 1073 dux
1409 1032 1478 1073 ille
1519 1033 1629 1072 vidit
1669 1032 1712 1072 in

167 1103 363 1155 sompnis
413 1102 530 1155 quod
580 1107 712 1142 staret
762 1102 939 1155 quidam
989 1115 1116 1155 super
1165 1102 1298 1142 altare
1348 1103 1413 1142 cui
1464 1101 1712 1142 oblaciones

168 1171 338 1224 plurimi
374 1170 678 1224 porrigebant,1
719 1177 761 1212 et
784 1185 861 1224 pro
882 1171 1062 1224 singulis
1094 1172 1231 1224 quas2
1262 1171 1427 1212 dabant
1447 1170 1712 1224 recipiebant

166 1240 414 1293 centuplum
447 1239 502 1280 de
533 1240 667 1281 altari.
732 1240 943 1293 Viditque
964 1253 1009 1280 se
1038 1254 1183 1281 coram
1206 1240 1328 1281 altari
1357 1247 1399 1281 et
1421 1240 1709 1293 patriarcham

165 1315 352 1350 stantem
393 1316 493 1363 post
532 1311 709 1351 dorsum
751 1324 886 1351 suum.
963 1310 1066 1351 Una
1100 1311 1231 1351 etiam
1272 1323 1416 1351 coram
1452 1324 1504 1351 eo
1546 1310 1709 1351 iacebat

164 1378 342 1428 oblacio,
387 1385 429 1420 et
468 1379 583 1420 dixit
625 1381 663 1419 ei
703 1380 903 1433 quidam:
938 1380 1155 1420 ‘Domine
1188 1379 1290 1429 dux,
1325 1380 1480 1432 ac[f0l.
1514 1379 1710 1433 72b]cipe

164 1454 208 1488 et
228 1447 338 1488 offer
359 1448 414 1488 ad
447 1448 582 1488 altare
612 1456 659 1489 ut
686 1449 864 1501 recipias
896 1449 1147 1502 centuplum
1181 1450 1291 1489 sicut
1324 1454 1368 1489 et
1399 1450 1531 1489 ceteri
1545 1449 1563 1491 ’.
1629 1449 1710 1490 Illo

164 1518 410 1570 pigritante,
446 1518 698 1571 patriarcha,
735 1519 808 1571 qui
849 1525 945 1572 post
980 1532 1080 1559 eum
1116 1518 1273 1567 stabat,
1309 1518 1504 1567 cucurrit,
1535 1518 1632 1558 tulit
1668 1523 1711 1558 et

164 1586 322 1639 optulit
355 1591 398 1626 et
428 1587 536 1627 sicut
564 1587 695 1627 ceteri
733 1587 894 1641 recepit
922 1587 1172 1640 centuplum
1204 1587 1260 1627 de
1289 1587 1424 1628 altari.
1488 1587 1712 1640 Evigilans

163 1655 338 1708 quidem
361 1655 416 1696 de
437 1670 625 1709 sompno
658 1657 748 1710 dux
775 1657 946 1697 vocavit
975 1656 1094 1697 illum
1122 1658 1195 1709 qui
1229 1663 1424 1696 mutuum
1456 1657 1636 1709 petierat
1666 1664 1710 1697 et

163 1724 222 1764 ait
272 1724 366 1765 ille:
433 1725 619 1778 ‘Accipe
671 1732 865 1766 mutuum
917 1725 1032 1778 quod
1074 1725 1219 1778 petisti
1232 1724 1250 1766 ².
1336 1725 1399 1765 At
1450 1725 1520 1765 ille
1570 1726 1707 1766 dixit:

162 1793 387 1834 ‘Prevenit
443 1800 496 1843 te,
546 1794 735 1842 domine,
789 1795 1028 1835 misericors
1079 1794 1319 1847 patriarcha
1369 1801 1412 1835 et
1457 1800 1557 1834 ante
1608 1795 1705 1835 tulit

161 1862 407 1903 mercedem
451 1869 581 1904 tuam.
660 1862 837 1904 Etenim
890 1870 933 1904 te
985 1864 1186 1903 tardante
1237 1864 1509 1916 promissum,
1555 1863 1704 1917 fugere

160 1932 407 1984 compulsus
447 1947 542 1973 sum
573 1933 628 1973 ad
669 1946 944 1973 communem
981 1934 1175 1973 omnium
1216 1932 1413 1986 portum.'
1485 1933 1599 1973 Tum
1633 1933 1703 1973 ille

160 2001 299 2041 visum
341 2000 533 2042 recolens
575 2002 657 2043 ait':
711 2002 853 2042 ‘Vere
893 2002 1043 2042 dixisti
1084 2002 1185 2054 quia
1225 2001 1422 2042 antetulit
1459 2002 1700 2043 mercedem

161 2081 302 2109 meam
318 2066 337 2108 '.
417 2069 638 2110 Antetulit
679 2071 906 2123 premium,
948 2069 1048 2123 quia
1093 2083 1180 2110 non
1230 2068 1310 2109 fuit
1360 2069 1606 2124 necgligens
1647 2071 1701 2110 ad

160 2136 414 2179 beneficium
436 2151 515 2179 nec
536 2139 678 2192 segnis
700 2139 754 2179 ad
779 2140 990 2181 meritum.
1054 2138 1133 2180 Set
1153 2152 1205 2179 ve
1222 2137 1306 2179 hiis
1327 2140 1398 2191 qui
1420 2139 1569 2179 volunt
1589 2139 1703 2179 bona

160 2212 225 2246 set
244 2206 458 2256 differunt,
482 2214 664 2261 possunt
684 2208 796 2249 bene
815 2209 890 2248 sed
913 2208 1175 2263 necgligunt.
1241 2208 1357 2249 Hinc
1387 2210 1590 2262 scriptum
1613 2214 1678 2248 est
1693 2221 1807 2253 :Pr0v.
1825 2221 1875 2259 iii,

161 2275 232 2315 Ne
262 2275 422 2316 dixeris
451 2277 585 2317 amico
617 2284 686 2318 tuo
701 2294 715 2326 ‚·
762 2277 877 2318 Vade
907 2285 947 2318 et
976 2285 1194 2326 revertere,
1221 2292 1317 2318 cras
1348 2278 1453 2318 dabo
1484 2278 1571 2328 tibi,
1605 2266 1762 2318 εἰη-1428·

159 2344 310 2384 statim
321 2345 464 2396 possis
485 2345 600 2387 dare.

250 2414 370 2467 (129)
420 2413 553 2454 Aliud
594 2416 844 2469 exemplum
897 2416 952 2456 de
996 2415 1173 2458 eisdem.
1258 2416 1449 2469 Quidam
1500 2415 1700 2469 operibus

160 2482 332 2534 pietatis
373 2483 630 2532 deserviens,
675 2498 771 2525 cum
812 2486 999 2538 quadam
1032 2485 1101 2525 die
1132 2486 1311 2526 domum
1348 2486 1498 2533 exiret,
1539 2486 1701 2525 audivit

160 2552 378 2603 quendam
414 2565 489 2604 pre
519 2552 673 2605 frigore
702 2552 892 2606 hyemali
923 2555 1257 2602 concutientem,
1281 2560 1322 2594 et
1353 2555 1472 2594 illum
1506 2568 1697 2607 querens,

157 2622 337 2662 tandem
361 2622 562 2663 miserum
585 2629 628 2663 et
648 2624 812 2664 nudum
834 2624 996 2664 invenit
1014 2639 1023 2676 ;
1058 2630 1102 2664 et
1118 2624 1407 2664 misericordia
1421 2629 1562 2664 motus
1579 2624 1697 2664 illum

160 2691 202 2730 in
224 2691 353 2730 dorso
373 2703 462 2739 suo,
486 2705 572 2744 quo
595 2694 763 2732 suavius
785 2693 939 2746 potuit,
962 2693 1140 2733 domum
1164 2693 1410 2746 reportavit,
1432 2699 1476 2733 et
1505 2693 1697 2733 vestibus

159 2760 270 2799 circa
292 2773 390 2799 eum
412 2760 564 2813 positis
585 2761 705 2802 iuxta
735 2763 878 2813 ignem
910 2775 1008 2802 eum
1033 2761 1288 2814 obsequiose
1309 2762 1548 2811 collocavit,
1571 2768 1699 2815 atque

161 2828 291 2882 pedes
327 2829 415 2869 eius
450 2842 562 2882 aqua
593 2830 731 2871 calida
761 2844 860 2871 cum
881 2831 1112 2871 devotione
1137 2844 1294 2883 magna
1322 2831 1435 2872 lavit.
1500 2831 1549 2871 In
1583 2833 1698 2872 cuius

592 2920 602 2939 1
617 2921 692 2952 MS.
711 2920 914 2962 porrigebat.
1047 2920 1060 2939 2
1074 2921 1149 2952 MS.
1169 2930 1263 2961 quos
