2052 3278
671 244 674 248 ’
721 242 805 282 DE
839 240 1136 283 LUXURIA
1615 249 1693 291 119

150 372 196 399 se
217 373 407 401 reversus
428 364 469 400 et
490 359 548 398 sic
569 357 795 398 salubriter
826 357 1093 410 premunitus
1126 355 1375 410 pestiferam
1396 367 1421 394 a
1443 368 1487 395 se
1508 354 1692 394 bestiam

153 428 307 481 repulit
328 436 372 470 et
392 428 557 469 abiecit.

239 499 355 549 (204)
390 496 635 539 Secundum
671 495 922 548 exemplum
959 494 1120 535 Ibidem
1156 494 1428 546 subiungitur
1460 492 1692 532 immediate
1709 498 1871 547 Q.E.‚11,

149 565 191 605 in
229 566 308 606 hec
343 566 481 607 verba.
546 564 659 605 Item
700 564 952 616 exemplum
987 564 1041 603 de
1077 562 1252 604 moniali
1294 575 1377 615 que
1413 561 1456 602 in
1493 561 1692 601 clericum
1707 542 1906 582 X¹lp'²²²)'

149 648 277 687 quem
312 650 387 689 per
419 636 648 676 fenestram
683 639 977 673 transeuntem
1010 646 1110 673 casu
1143 632 1249 673 vidit
1282 631 1429 672 oculos
1460 631 1616 678 iniecit,
1650 630 1693 669 in

149 716 277 756 quem
309 704 458 745 statim
489 704 597 743 adeo
628 701 871 743 medullitus
903 702 1074 751 exarsit,
1100 707 1147 742 ut
1177 701 1283 741 nihil
1304 700 1419 740 aliud
1440 700 1507 740 vel
1530 699 1694 739 orando

147 773 215 813 vel
256 775 457 814 misteriis
492 772 734 814 assistendo
775 772 968 824 cogitare
1009 770 1231 824 potuisset.
1295 770 1354 810 Et
1390 783 1487 810 cum
1530 769 1573 809 in
1614 769 1693 809 hac

145 843 345 894 angustia
373 849 417 883 et
447 841 748 894 temptacionis
777 841 1055 881 vehementia
1089 853 1216 893 supra
1246 840 1358 880 vires
1389 853 1499 892 pene
1529 844 1690 879 vexata

147 910 308 962 fuisset,
350 913 450 965 quia
488 917 636 952 tamen
677 924 723 951 se
763 917 913 951 contra
953 911 1093 950 carnis
1131 910 1310 950 insultus
1346 909 1612 949 oracionibus
1648 913 1695 947 ut

147 981 290 1033 potuit
321 987 365 1022 et
394 982 518 1034 signo
549 981 680 1020 crucis
711 979 1017 1033 premuniebat‚
1040 985 1170 1019 nocte
1200 978 1392 1031 quadarn
1424 979 1466 1018 in
1498 977 1694 1030 sompnis

147 1050 343 1102 apparuit
374 1050 412 1089 ei
443 1049 607 1090 iuvenis
640 1049 718 1096 ille,
749 1048 897 1088 volens
930 1049 972 1088 in
1003 1061 1054 1088 ea
1075 1048 1185 1088 sicut
1205 1047 1431 1088 videbatur
1450 1046 1690 1098 voluptatis

148 1123 293 1158 actum
330 1131 542 1159 exercere.
608 1118 704 1171 Que
745 1131 842 1158 cum
880 1118 922 1157 in
959 1118 1109 1170 primis
1151 1119 1310 1158 luctam
1351 1129 1491 1156 secum
1533 1114 1697 1155 habens

149 1185 324 1228 demum
345 1193 495 1228 contra
515 1187 797 1240 voluptuosos
821 1193 965 1227 motus
995 1186 1127 1226 animi
1161 1185 1336 1226 racione
1366 1185 1571 1233 renitens,
1593 1184 1696 1223 dum

146 1257 286 1309 ipsum
318 1256 567 1310 diligencius
599 1257 753 1297 intuita
787 1255 949 1305 fuisset,
980 1254 1211 1295 videbatur
1241 1255 1280 1294 ei
1314 1260 1406 1294 tam
1440 1254 1695 1306 quantitatis

145 1327 335 1367 enormis
366 1331 409 1366 et
441 1325 673 1367 inhumane
704 1324 832 1366 fuisse
862 1338 994 1377 quam
1026 1323 1157 1364 etiam
1188 1323 1418 1376 qualitatis.
1482 1322 1583 1376 Quo
1604 1322 1697 1362 viso

147 1396 371 1448 perterrita
402 1395 584 1435 nimium
617 1408 642 1434 a
673 1392 836 1434 strato1
867 1395 910 1433 in
940 1394 1031 1433 visu
1059 1392 1207 1442 exiliit,
1230 1392 1512 1444 animumque
1533 1389 1698 1431 virilem

146 1464 298 1504 mulier
329 1476 554 1504 assumens
587 1463 721 1503 falce2
755 1465 833 1513 [ut]
867 1462 1093 1503 videbatur
1123 1462 1165 1501 in
1197 1462 1456 1502 dormitorio
1478 1461 1696 1513 pendente

149 1533 340 1573 medium
373 1533 508 1573 secuit
543 1538 587 1572 et
622 1532 743 1573 illum
777 1532 1023 1585 prostravit.
1087 1532 1147 1572 Et
1184 1537 1329 1571 tantus
1364 1530 1516 1571 statim
1553 1530 1609 1570 ab
1646 1543 1698 1570 eo

148 1600 259 1642 fetor
300 1601 447 1651 exivit,
483 1607 695 1653 quantum
733 1607 775 1641 et
810 1614 942 1653 quam
978 1607 1226 1651 corruptum
1262 1612 1485 1652 nunquam
1522 1598 1696 1639 naribus

147 1669 290 1711 sensit.
354 1669 426 1711 Ob
445 1670 562 1709 cuius
583 1670 713 1710 etiam
736 1669 1058 1710 vehemenciam
1089 1669 1323 1723 evigilavit.
1388 1668 1528 1721 Quem
1561 1667 1694 1708 etiam

149 1739 335 1780 fetorem
354 1743 511 1793 ‘postea
539 1739 741 1792 quociens
772 1740 828 1779 de
857 1753 910 1780 eo
942 1739 1164 1792 cogitabat
1195 1739 1369 1779 naribus
1401 1737 1585 1778 olfacere
1607 1738 1699 1778 visa

149 1815 224 1850 est.
287 1807 357 1849 Sic
378 1809 510 1848 etiam
542 1810 624 1849 ista
654 1822 730 1861 per
750 1809 984 1862 gratuitam
1019 1809 1103 1849 Dei
1135 1809 1498 1862 premunicionem
1522 1807 1697 1847 visitata

150 1883 215 1918 est
236 1883 280 1917 et
301 1883 456 1918 curata.

203 1947 206 1950 ⁴
239 1948 355 1997 (205)
404 1946 506 1999 [fol.
555 1947 680 2000 Iooa]
726 1947 921 1989 Tertium
962 1948 1211 2001 exemplum
1254 1946 1414 1988 ibidem
1455 1946 1857 1988 immediaterid-‚p-

149 2016 354 2067 scriptum
385 2021 461 2064 est,
490 2016 602 2055 hunc
633 2016 803 2068 penitus
834 2017 997 2057 habens
1028 2023 1232 2057 tenorem.
1298 2017 1409 2057 Item
1442 2015 1691 2068 exemplum
1711 2000 1784 2030 ²²5⁸

149 2084 203 2123 de
245 2084 461 2124 monacho
501 2086 572 2137 qui
615 2099 712 2126 cum
755 2085 811 2125 ad
848 2085 1034 2139 puellam
1071 2087 1115 2126 in
1152 2087 1346 2139 pomerio
1383 2086 1576 2138 quodam
1612 2097 1697 2137 quo

149 2152 464 2193 condixerant3
503 2154 670 2194 venisse
711 2161 756 2194 et
799 2154 853 2195 de
899 2155 995 2195 loco
1037 2156 1092 2195 ad
1134 2155 1275 2196 locum
1318 2155 1460 2195 eundo
1501 2168 1598 2195 cum
1640 2153 1696 2194 ad

150 2221 425 2261 secreciorem
472 2223 654 2275 pomerii
700 2229 869 2276 partem
915 2226 1220 2277 pervenissent,
1262 2224 1375 2265 dixit
1416 2225 1507 2264 illa:
1557 2223 1699 2265 ‘Satis

152 2302 231 2330 nos
263 2291 349 2330 iam
383 2289 678 2343 elongavimus
706 2294 807 2345 quia
838 2306 967 2334 nemo
998 2307 1076 2334 nos
1107 2294 1176 2334 hic
1207 2293 1316 2334 vidit
1347 2300 1490 2346 preter
1521 2293 1663 2334 Deum
1678 2291 1698 2333 '.

153 2358 397 2412 Respondit
430 2360 523 2401 ille:
570 2360 654 2401 ‘Et
687 2362 806 2403 videt
837 2375 917 2402 nos
952 2363 1019 2402 hic
1053 2362 1225 2404 Deus?’
1288 2362 1366 2403 Cui
1400 2362 1493 2403 illa:
1541 2361 1698 2402 ‘Videt

149 2428 304 2480 utique,
349 2434 413 2468 set
457 2442 586 2469 nemo
627 2430 766 2471 alius'.
833 2431 892 2472 Et
936 2433 1086 2473 statim
1129 2433 1199 2473 ille
1241 2433 1373 2473 corde
1413 2437 1697 2484 compunctus

153 2498 329 2550 ipsaque
359 2497 503 2538 relicta
535 2512 750 2540 reversus:
784 2501 972 2542 ‘Verum
1006 2504 1094 2552 est‚'
1118 2502 1280 2555 inquid,
1305 2505 1372 2542 ‘et
1401 2502 1531 2555 longe
1560 2501 1698 2554 magis

152 2565 359 2606 debemus
400 2567 533 2607 vereri
570 2582 594 2608 a
631 2576 827 2610 creatore
862 2570 994 2611 videri
1032 2572 1074 2611 in
1111 2572 1254 2624 pravis
1295 2571 1460 2611 actibus
1501 2584 1632 2623 quam
1673 2584 1698 2610 a

150 2635 584 2688 creatura’.——(2o5b)
631 2638 680 2678 In
717 2639 874 2679 eodem
913 2639 1054 2680 adhuc
1096 2641 1204 2682 libro
1240 2640 1445 2693 scriptum
1489 2641 1699 2692 reperitur
1716 2645 1815 2682 Ibid-‚

151 2705 235 2744 hoc
256 2705 518 2757 exemplum.
574 2705 702 2747 Miles
722 2708 900 2760 quidam
923 2709 1110 2762 puellam
1133 2710 1205 2749 diu
1227 2710 1429 2749 ardenter
1449 2710 1699 2749 adamatam
1714 2690 1788 2720 ²²6'

154 2779 284 2813 nocte
319 2779 546 2815 venturam
582 2776 636 2815 ad
659 2776 832 2817 thorum
865 2791 987 2818 suum
1022 2792 1078 2818 ex
1110 2778 1311 2819 condicto
1338 2779 1549 2831 sperabat.
1613 2778 1699 2831 Qui

157 2855 253 2882 cum
304 2840 387 2882 hoc
436 2843 694 2884 desiderium
745 2858 866 2886 suum
919 2846 1097 2899 pervigil
1144 2851 1186 2886 et
1232 2847 1384 2886 anxius
1434 2851 1699 2899 expectaret,

395 2933 406 2952 1
419 2933 494 2964 MS.
514 2939 629 2966 stratu.
765 2935 777 2954 2
792 2936 866 2967 MS.
885 2937 979 2968 false.
1113 2941 1125 2961 3
1137 2937 1210 2969 MS.
1230 2936 1454 2968 condiserant.
