2052 3278
134 693 231 731 H.S.‚
251 703 269 725 2

131 737 222 768 Mac.
236 737 268 768 ix

132 779 240 820 (P.L.‚

130 824 257 862 cxcviii,

129 868 192 899 col.
212 868 318 910 1529).

128 1035 324 1084 g-Machab.

127 1089 171 1116 ιιι,
190 1088 241 1118 34.

126 1177 225 1215 G.E.‚
245 1179 271 1216 I,

125 1221 160 1252 lii
178 1221 223 1263 (p.

130 1266 252 1307 155-6).

121 2156 218 2194 G.E.‚
238 2157 283 2193 ΙΙ,

122 2201 153 2231 xi
172 2200 217 2242 (p.

123 2244 209 2286 217).

345 227 399 268 68
779 227 971 268 LIBER
1004 227 1458 271 EXEMPLORUM

342 342 414 394 qui
445 343 558 383 dixit
591 343 630 383 ei
662 356 833 383 causam
868 343 998 383 risus:
1039 349 1083 383 et
1119 345 1359 385 coniuratus
1395 345 1604 399 dyabolus
1637 346 1752 387 dixit
1785 348 1888 400 quid

342 412 577 464 scripserat.
631 412 792 452 Beatus
814 418 957 452 autem
978 412 1190 453 Martinus
1211 415 1370 467 populo
1392 415 1641 468 predicavit,
1657 421 1700 455 et
1714 417 1888 457 contriti

342 486 441 520 sunt
461 486 504 520 et
525 479 705 521 confessi
738 483 799 521 ita
831 481 946 534 quod
983 481 1194 534 dyabolus
1226 489 1398 524 coactus
1429 489 1494 524 est
1516 482 1661 524 delere
1683 485 1887 538 quicquid

342 549 583 601 scripserat.

428 618 547 670 (114)
583 618 816 672 Quomodo
833 632 933 659 vero
968 620 1110 660 Deum
1133 620 1358 662 offendunt
1393 622 1465 675 qui
1487 622 1686 662 iniuriam
1709 622 1887 663 ecclesie

340 686 512 735 faciunt,
543 688 746 741 exempla
778 687 1017 742 subscripta
1053 690 1288 731 luculenter
1320 691 1564 732 ostendunt.
1627 690 1806 744 Legitur
1838 693 1882 732 in

340 756 534 808 hystoria
554 757 776 798 scolastica
797 758 851 798 de
875 758 1084 811 Pompeio
1119 759 1245 812 quod,
1268 764 1499 812 postquam
1522 759 1583 799 illi
1614 760 1687 812 qui
1714 773 1811 800 cum
1834 773 1886 802 eo

339 831 461 866 erant
482 826 857 879 prophanaverunt
879 829 1090 881 templum
1113 833 1157 869 et
1179 828 1504 869 stabulaverunt
1525 842 1659 882 equos
1682 830 1725 869 in
1759 836 1886 883 portu

340 896 502 948 templi,
524 909 742 950 nunquam
764 903 864 950 post
885 899 1123 951 pungnavit
1154 899 1257 951 quin
1289 900 1539 947 vinceretur,
1572 899 1644 951 qui
1677 898 1887 939 hactenus

338 963 472 1005 fuerat
493 964 865 1007 fortunatissimus.
928 967 988 1007 Et
1011 965 1274 1007 Heliodorus
1295 967 1444 1007 volens
1466 968 1679 1021 templum
1697 967 1885 1020 spoliare

339 1034 469 1074 etiam
490 1035 545 1075 ad
569 1036 824 1076 mandatum
848 1037 959 1090 regis
981 1037 1148 1077 domini
1168 1038 1232 1076 sui
1254 1037 1462 1077 divinitus
1485 1036 1725 1090 flagellatus
1747 1042 1825 1077 est.

424 1103 548 1157 (115)
581 1103 827 1145 Secundum
849 1105 1102 1158 exemplum
1125 1119 1251 1158 super
1279 1105 1360 1146 hac
1394 1106 1575 1146 materia
1605 1106 1811 1158 reperitur
1842 1106 1885 1145 in

336 1172 491 1213 eodem
512 1186 599 1213 non
621 1174 939 1226 negligendum,
961 1180 1004 1213 et
1024 1180 1090 1214 est
1110 1173 1191 1214 hoc
1213 1174 1478 1227 exemplum.
1542 1174 1683 1228 Capta
1705 1174 1884 1215 civitate

338 1241 543 1282 Dublinie
562 1242 617 1283 ab
639 1241 837 1296 Anglicis
859 1243 903 1283 in
922 1243 1146 1296 principio,
1163 1255 1259 1283 cum
1281 1244 1557 1297 saggittarius
1574 1244 1751 1296 quidam
1771 1245 1885 1284 inter

335 1310 441 1351 alios
463 1311 683 1352 denarium
707 1313 759 1352 ad
789 1325 956 1352 crucem
988 1312 1106 1352 illam
1127 1312 1414 1366 sollempnem
1449 1313 1491 1352 in
1521 1313 1704 1353 ecclesia
1735 1320 1883 1353 sancte

337 1380 562 1421 Trinitatis
583 1381 821 1431 obtulisset,
844 1388 1057 1422 revertens
1074 1383 1260 1422 eundem
1284 1387 1382 1435 post
1404 1395 1450 1422 se
1466 1383 1616 1422 statim
1636 1384 1882 1423 venientem

334 1463 359 1490 a
380 1455 505 1503 tergo
527 1452 726 1504 suscepit.
788 1450 867 1492 Cui
889 1450 1043 1491 iterum
1066 1451 1300 1492 revertenti
1318 1457 1360 1491 et
1377 1452 1432 1492 ad
1449 1465 1619 1492 crucem
1641 1453 1882 1504 reportanti

333 1519 575 1561 videntibus
589 1526 633 1560 et
649 1519 960 1561 admirantibus
973 1521 1118 1561 multis
1140 1521 1256 1561 idem
1275 1521 1426 1561 evenit.
1488 1520 1602 1560 Tum
1619 1533 1719 1561 vero
1735 1534 1882 1561 coram

334 1589 533 1630 omnibus
555 1590 775 1630 confessus
792 1596 857 1630 est
871 1603 917 1631 se
933 1589 1090 1631 domos
1111 1590 1420 1643 archiepiscopi
1443 1590 1553 1630 intra
1575 1590 1755 1631 ecclesie
1773 1589 1884 1630 illius

334 1665 457 1711 septa
490 1659 644 1700 eodem
683 1659 755 1700 die
788 1660 1009 1713 spoliasse.
1094 1659 1152 1700 Et
1184 1660 1244 1699 sic
1276 1659 1521 1712 penitencia
1553 1660 1592 1699 ei
1634 1673 1760 1712 super
1800 1659 1884 1699 hoc

334 1727 523 1769 iniuncta
543 1729 809 1781 redditisque
822 1730 1031 1769 universis
1047 1742 1130 1782 que
1146 1729 1185 1768 ei
1203 1728 1482 1778 obvenerant,
1499 1729 1633 1769 tercio
1655 1727 1759 1781 [fol.
1777 1726 1882 1783 6662]

334 1797 559 1838 denarium
582 1798 767 1839 eundem
790 1811 886 1839 cum
908 1799 1067 1839 timore
1090 1811 1248 1852 magno
1276 1804 1318 1838 et
1353 1798 1598 1838 reverencia
1630 1799 1684 1838 ad
1714 1811 1881 1838 crucem

334 1866 487 1918 retulit,
510 1869 582 1921 qui
603 1873 645 1908 et
668 1868 830 1909 ibidem
863 1874 954 1909 tum
987 1869 1162 1908 demum
1194 1869 1287 1908 sine
1319 1874 1442 1908 motu
1473 1867 1723 1921 permansit.
1788 1868 1881 1908 Ex-

334 1937 452 1989 plicit
471 1937 918 1991 exemplum.—-Sane
945 1938 1027 1978 hoc
1060 1938 1313 1991 exemplum
1344 1938 1477 1977 etiam
1500 1943 1652 1978 contra
1683 1937 1880 1990 rapinam

334 2008 414 2048 erit
435 2008 657 2061 ydoneum
681 2008 714 2048 si
735 2014 905 2048 servata
921 2008 1104 2048 veritate
1126 2008 1180 2047 de
1201 2007 1464 2061 spoliacione
1480 2008 1636 2047 domus
1658 2008 1880 2048 cuiusdam

334 2077 530 2118 absolute
560 2083 837 2131 proponatur.

421 2147 544 2200 (116)
576 2147 843 2200 Exemplum
866 2147 1006 2187 adhuc
1038 2147 1215 2187 tercium
1239 2146 1454 2187 laudabile
1477 2146 1601 2186 valde
1623 2146 1676 2186 de
1699 2147 1882 2187 materia

333 2218 525 2270 presenti
548 2217 798 2270 proponitur
833 2216 958 2258 nobis
990 2217 1032 2256 in
1066 2217 1221 2256 eodam
1255 2215 1362 2256 libro
1393 2216 1449 2256 de
1479 2229 1580 2270 rege
1613 2216 1878 2257 Francorum

336 2287 586 2340 Lodowyco
620 2286 999 2335 Christianissimo,
1021 2287 1093 2339 qui
1125 2285 1298 2339 quidem
1332 2292 1530 2338 tempore
1560 2284 1676 2326 beati
1709 2285 1881 2326 Thome

336 2356 671 2411 Cantu[a]riensi
691 2357 900 2410 regnavit,
923 2362 966 2396 et
987 2356 1128 2409 ipsum
1156 2356 1197 2395 in
1229 2367 1363 2408 regno
1389 2368 1465 2395 suo
1499 2354 1706 2395 bulliente
1740 2369 1880 2409 perse-

336 2428 513 2479 qutione
525 2427 636 2480 regis
653 2427 831 2466 Henrici
845 2425 1144 2466 habundanter
1164 2431 1207 2465 et
1224 2424 1382 2464 devote
1399 2425 1579 2465 exibuit.
1637 2424 1718 2465 Est
1736 2431 1879 2466 autem

336 2497 419 2536 hoc
441 2495 701 2548 exemplum.
765 2495 982 2536 Reversus
1003 2507 1028 2534 a
1049 2494 1165 2533 curia
1198 2493 1398 2533 Romana
1429 2492 1654 2533 familiaris
1686 2494 1877 2534 eiusdem

335 2566 447 2617 regis
477 2565 662 2615 clericus,
692 2578 788 2605 cum
821 2565 1007 2604 iniuncta
1037 2564 1215 2617 negocia
1246 2563 1356 2604 bene
1385 2569 1558 2616 peracta
1593 2564 1683 2616 regi
1719 2563 1879 2615 signifi-

335 2641 484 2684 casset,
505 2648 563 2675 ex
578 2633 850 2675 habundanti
872 2640 918 2674 ut
933 2632 1071 2674 fidelis
1086 2632 1174 2685 regi
1191 2632 1417 2682 videretur,
1435 2633 1628 2673 ostendit
1650 2633 1687 2672 ei
1710 2632 1877 2685 privile-

337 2705 452 2757 gium
486 2718 572 2758 quo
607 2702 918 2744 cathedralium
952 2702 1227 2744 ecclesiarum
1264 2703 1518 2742 vacancium
1556 2703 1598 2742 in
1632 2715 1765 2755 regno
1801 2715 1879 2742 suo

337 2773 577 2814 custodiam
600 2772 758 2813 habere
778 2778 821 2812 et
841 2771 1000 2812 fructus
1023 2771 1197 2811 interim
1220 2770 1440 2824 percipere
1461 2783 1654 2810 summus
1676 2771 1713 2809 ei
1736 2770 1879 2823 ponti-

337 2842 414 2883 fex
449 2842 711 2897 indulgebat.
794 2840 893 2894 Quo
927 2854 1006 2881 rex
1041 2839 1189 2880 audito
1226 2839 1391 2879 litteras
1426 2853 1451 2879 a
1488 2852 1618 2880 manu
1659 2838 1880 2891 portitoris

336 2917 528 2965 arreptas
568 2913 716 2952 statim
753 2910 797 2951 in
838 2912 981 2964 ignem
1025 2909 1153 2959 misit,
1193 2909 1341 2950 dicens
1382 2922 1426 2949 se
1467 2910 1522 2949 de
1562 2908 1655 2948 aliis
1687 2909 1878 2961 negociis
