2052 3278
331 239 387 279 60
756 234 949 276 LIBER
982 234 1434 277 EXEMPLORUM

331 352 541 395 Merlin0.'
610 353 709 393 Hoc
731 356 873 392 autem
897 356 989 391 erat
1018 350 1180 404 aliquot
1201 353 1323 391 annis
1345 357 1445 392 ante
1475 363 1672 404 guerram
1706 349 1869 403 Anglie
1918 371 1921 373 ·

330 423 373 462 in
395 436 478 475 qua
499 421 632 463 felicis
654 421 967 462 recordacionis
1000 419 1153 461 Simon
1174 421 1229 461 de
1252 420 1505 461 Monteforti
1527 417 1770 459 interfectus
1792 425 1867 460 est.

329 491 465 531 Vides
502 504 605 543 ergo
641 490 754 543 quod
793 489 1017 530 bellicosos
1053 495 1095 530 et
1134 490 1432 530 contenciosos
1469 494 1638 542 reputat
1673 487 1870 528 diabolus

330 560 503 600 floridos
524 574 573 599 ac
594 558 744 599 florere
765 559 819 599 ad
843 558 1168 599 similitudinem
1191 559 1356 599 arboris
1383 572 1466 612 que
1498 558 1640 611 primo
1669 556 1792 597 floret
1823 562 1870 596 ut

329 635 427 681 post
457 628 688 668 fructificet.
750 627 975 681 Siquidem
998 628 1070 681 qui
1089 628 1299 669 eiusmodi
1320 634 1416 668 sunt
1447 628 1489 667 in
1523 625 1871 666 contencionibus

329 698 414 737 suis
438 697 592 737 florent
614 699 657 737 in
679 697 760 737 hoc
795 698 969 747 mundo,
1001 698 1109 737 sicut
1138 697 1305 737 videtur
1336 696 1537 749 dyabolo,
1560 695 1660 748 quia
1691 694 1868 735 tandem

327 766 382 806 de
406 779 555 806 eorum
584 765 807 807 animabus
839 766 1064 819 proveniet
1095 765 1252 806 fructus
1285 765 1434 806 mortis
1464 779 1489 805 a
1509 763 1699 818 dyabolo
1720 764 1870 804 devor-

327 834 463 875 andus
495 836 537 875 in
569 835 737 876 inferno
755 849 763 885 3
796 836 854 876 sic
887 841 988 876 tunc
1018 835 1160 876 floruit
1192 835 1418 875 Britannia
1449 834 1527 875 sub
1557 834 1749 887 principe
1778 846 1870 885 pre-

327 910 483 945 taxato
505 906 612 945 sicut
633 911 676 945 et
696 904 799 959 [fol.
822 905 925 959 eoa]
947 906 1061 958 prius
1083 904 1225 945 floruit
1245 904 1322 945 sub
1353 904 1547 945 MerlinO.
1610 902 1726 943 Nam
1760 907 1870 943 tem-

328 987 431 1027 pore
453 987 530 1014 suo
552 974 786 1023 Britannia,
802 988 886 1027 que
905 987 1017 1014 nunc
1040 973 1194 1013 dicitur
1217 973 1389 1027 Anglia,
1406 973 1561 1026 partim
1583 971 1870 1012 contencioni-

326 1043 404 1084 bus
425 1049 468 1083 et
488 1042 610 1084 bellis
630 1044 844 1084 intestinis
867 1043 1092 1083 Britonum
1115 1048 1215 1082 tunc
1236 1043 1443 1095 temporis
1478 1048 1587 1082 terre
1622 1041 1869 1090 incolarum,

328 1113 486 1165 partim
509 1112 733 1153 insultibus
756 1111 995 1164 Anglorum
1019 1111 1272 1151 multociens
1289 1117 1332 1151 et
1350 1110 1494 1150 multis
1512 1110 1651 1150 modis
1668 1110 1870 1151 Britones

327 1182 724 1235 impungnancium,
747 1181 835 1222 fere
866 1181 1049 1222 deducta
1079 1180 1182 1221 fuit1
1213 1181 1269 1220 ad
1300 1179 1780 1222 extremum—Caveat
1799 1180 1870 1233 qui

327 1252 405 1292 hec
427 1251 531 1304 legit
551 1264 605 1291 ne
625 1265 814 1304 unquam
834 1264 990 1291 nomen
1012 1251 1213 1304 principis
1231 1251 1455 1290 memorati
1470 1250 1713 1303 exprimere
1728 1250 1771 1289 in
1788 1249 1871 1290 hoc

326 1321 534 1374 exemplo
566 1321 735 1374 publice
756 1327 985 1374 presumat.
1048 1318 1216 1361 Sufficit
1249 1320 1363 1359 enim
1405 1320 1521 1372 quod
1558 1319 1724 1359 dicatur
1753 1318 1870 1372 quod

328 1390 537 1443 dyabolus
557 1391 800 1431 nominavit
819 1390 1036 1443 quendam
1060 1402 1265 1443 magnum
1283 1390 1521 1442 principem
1539 1394 1637 1428 tunc
1651 1389 1694 1428 in
1713 1387 1873 1442 Anglia

325 1459 600 1506 existentem,
621 1459 770 1500 dicens
792 1460 833 1499 in
856 1459 1057 1512 proximo
1078 1472 1173 1499 esse
1204 1462 1250 1498 ut
1281 1457 1430 1498 floreat
1456 1457 1680 1498 Britannia
1700 1457 1779 1499 sub
1799 1458 1871 1498 illo

327 1529 436 1569 sicut
458 1528 598 1569 floruit
617 1528 695 1569 sub
719 1528 914 1569 Merlino.

791 1642 971 1698 [Contra
994 1643 1104 1683 male
1124 1641 1409 1696 decimantes]

413 1738 530 1789 (105)
553 1736 734 1777 Moveat
754 1735 1007 1789 exemplum
1027 1735 1329 1788 subscriptum,
1354 1739 1537 1783 moveat,
1559 1734 1736 1787 inquam
1759 1734 1873 1774 male

326 1805 604 1846 decimantes.
668 1805 963 1859 Temporibus
996 1804 1154 1845 nostris
1187 1810 1278 1845 erat
1307 1805 1347 1844 in
1381 1803 1609 1857 parrochia
1642 1803 1872 1844 Balirozeri

327 1878 516 1930 quedam
539 1883 736 1917 matrona
751 1890 835 1930 que
857 1877 912 1916 de
932 1875 1082 1917 ovibus
1104 1877 1190 1916 suis
1211 1875 1361 1916 habuit
1382 1889 1500 1915 anno
1522 1875 1713 1927 quodam
1735 1888 1873 1929 agnos

328 1946 429 1987 xxti.
467 1945 654 1987 Multum
685 1951 831 1986 autern
853 1945 932 1986 sibi
955 1944 1182 1986 videbatur
1205 1945 1260 1985 de
1281 1950 1371 1985 tam
1394 1945 1537 1997 paucis
1559 1944 1764 1997 agniculis
1796 1957 1874 1998 pro

327 2015 496 2055 decima
534 2015 642 2056 duos
678 2015 912 2064 exsolvere,
945 2016 1070 2063 unde,
1101 2015 1259 2068 sagitta
1293 2014 1469 2067 dyaboli
1505 2028 1714 2067 percussa,
1747 2029 1779 2054 x
1815 2028 1872 2054 ex

326 2086 448 2138 agnis
485 2085 569 2125 suis
600 2083 735 2125 voluit
769 2085 994 2134 occultare,
1025 2091 1072 2124 ut
1104 2098 1232 2124 unum
1270 2089 1439 2124 tantum
1475 2084 1650 2124 ecclesie
1686 2084 1872 2124 solveret

328 2170 408 2210 pro
457 2170 488 2196 x
539 2155 664 2208 agnis
705 2156 776 2208 qui
815 2155 947 2196 oculis
989 2155 1222 2195 vicinorum
1264 2161 1535 2208 apparerent.
1624 2154 1872 2196 Occultavit

327 2226 455 2279 igitur
485 2239 517 2265 x
549 2238 606 2264 ex
639 2225 761 2277 agnis
797 2225 1050 2264 memoratis
1073 2222 1151 2263 sub
1172 2223 1363 2276 quodam
1395 2237 1495 2263 vase
1529 2236 1697 2276 magno,
1719 2230 1766 2264 ut
1784 2237 1871 2264 non

328 2300 555 2348 appareret
585 2307 786 2333 numerus
808 2307 1030 2346 quousque
1053 2293 1268 2332 decimam
1302 2306 1423 2332 suam
1457 2291 1774 2333 fraudulentam
1798 2307 1873 2333 ex-

328 2363 532 2405 solvisset.
614 2362 702 2404 Sed
744 2376 841 2402 ecce
882 2362 1083 2402 iudicium
1126 2362 1214 2401 eius
1256 2361 1327 2414 qui
1368 2362 1514 2401 omnia
1554 2361 1874 2415 contemplatur

325 2433 704 2474 iocundissimum:
738 2430 880 2472 soluto
911 2445 1025 2485 agno
1059 2432 1132 2472 illo
1167 2445 1244 2484 pro
1276 2431 1454 2480 decima,
1477 2445 1564 2472 non
1599 2431 1733 2472 multo
1760 2437 1870 2485 post,

326 2502 498 2543 elevans
531 2502 683 2542 mulier
712 2515 789 2542 vas
824 2502 909 2541 iarn
944 2502 1118 2550 dictum,
1154 2501 1315 2541 invenit
1348 2499 1394 2540 ix
1432 2514 1566 2553 agnos
1604 2506 1796 2541 mortuos
1828 2506 1872 2540 et

326 2574 541 2613 decimum
564 2572 734 2621 vivumg
768 2584 860 2623 que,
883 2576 1038 2610 eventu
1071 2582 1269 2623 percussa
1304 2576 1396 2609 tarn
1425 2570 1616 2619 terribili,
1639 2569 1870 2610 attendens

327 2642 483 2682 iustum
527 2641 611 2681 Dei
653 2641 866 2689 iudicium,
909 2639 1100 2679 fraudem
1142 2653 1264 2679 suam
1319 2640 1570 2692 recognovit
1618 2645 1661 2679 et
1710 2652 1867 2692 agnum

328 2713 473 2751 vivum
521 2709 696 2750 ecclesie
747 2709 942 2757 reddidit,
984 2713 1026 2748 et
1076 2707 1364 2761 penitenciam
1407 2722 1529 2747 suam
1582 2707 1637 2747 de
1677 2714 1868 2760 peccato,

328 2781 483 2820 devote
504 2781 703 2827 contrita,
727 2780 912 2832 suscepit
935 2778 1033 2831 [fol.
1055 2776 1165 2831 60b].
1229 2777 1316 2817 Iste
1337 2783 1514 2817 eventus
1536 2778 1618 2817 toti
1648 2776 1872 2830 parrochie

329 2863 405 2901 per
428 2849 650 2889 mulierem
674 2849 857 2888 eandem
881 2847 1075 2888 innotuit.
1139 2846 1337 2899 Explicit
1359 2846 1625 2899 exemplum.

999 2940 1009 2959 1
1028 2940 1102 2971 MS.
1128 2939 1206 2970 sint.
