2052 3278
728 269 811 309 DE
847 267 1147 310 LUXURIA
1626 275 1703 316 117

160 391 362 435 mortuus,
403 385 457 425 ad
499 383 659 425 inferna
699 384 850 425 ductus
890 391 964 433 est,
1002 390 1048 424 ut
1089 383 1185 424 illuc
1228 382 1566 436 precipitaretur,
1603 382 1704 434 quia

157 454 353 494 molestia
369 454 504 496 morbi
520 458 759 506 preventus
782 468 859 494 nec
878 454 975 494 Deo
991 453 1006 506 [
1019 453 1089 500 fol.
1112 452 1211 508 98b]
1227 452 1511 506 penitenciam
1534 448 1700 504 optulit,

156 536 234 563 nec
255 524 566 564 confessionem
588 523 688 564 fecit
706 537 714 574 3
746 529 893 563 tamen
915 522 1125 563 adiutorio
1146 521 1273 562 beate
1296 520 1499 573 Virginis,
1523 523 1700 573 propter

154 593 378 633 servicium
419 592 639 646 quoddam
693 592 807 644 quod
849 592 887 632 ei
928 591 1100 640 fecerat,
1141 590 1240 631 inde
1293 596 1467 643 ereptus
1518 595 1562 629 et
1608 589 1697 629 vite

155 662 372 702 restitutus
408 669 482 703 est.
545 661 631 702 Hic
662 674 766 714 ergo
797 646 884 701 vite
923 661 1144 700 restitutus
1176 666 1219 700 et
1250 659 1546 708 incolumitati,
1579 659 1698 699 venit

154 731 207 770 ad
251 729 423 772 fratrem
460 736 746 772 memoratum
783 737 826 770 et
867 736 1047 783 peccata
1086 743 1162 770 sua
1203 729 1360 769 devote
1402 728 1694 769 confitebatur.

157 798 274 841 Sane
307 808 531 854 peccatum
562 813 685 840 suum
718 813 806 840 non
838 804 930 839 erat
963 798 1188 847 occultum,
1211 798 1332 838 inmo
1362 798 1424 838 ita
1456 803 1549 838 erat
1576 798 1698 850 quasi

156 869 386 919 notorium,
410 870 523 922 quod
546 882 632 909 non
651 874 853 922 poterunt
877 867 966 919 (sic)
986 868 1028 907 in
1052 867 1196 920 aliquo
1218 866 1312 907 loco
1333 867 1407 907 diu
1428 867 1696 908 commorari.

157 938 244 978 Iste
278 939 406 992 igitur
442 938 628 980 narravit
663 938 780 978 dicto
820 937 936 978 fratri
977 951 1063 990 qua
1099 950 1210 990 pena
1232 937 1476 977 luxuriosos
1512 935 1620 976 vidit
1654 937 1696 975 in

155 1007 322 1049 inferno
358 1009 624 1062 dampnatos.
686 1007 913 1061 Siquidem
946 1013 1101 1061 puteus
1132 1012 1223 1046 erat
1261 1005 1491 1055 maximus,
1514 1006 1623 1046 latus
1655 1011 1698 1045 et

154 1076 401 1129 profundus,
424 1078 573 1131 igneus
600 1083 643 1117 et
670 1078 770 1130 igne
798 1075 1094 1117 crudelissimo
1121 1075 1420 1129 plenissimus3
1453 1080 1496 1115 et
1527 1087 1625 1115 ecce
1653 1075 1695 1114 in

151 1152 284 1199 puteo
307 1147 432 1198 igneo
461 1152 670 1186 steterunt
691 1146 767 1186 viri
788 1159 846 1187 ex
878 1159 964 1186 una
986 1152 1108 1199 parte
1130 1145 1345 1193 ardentes,
1365 1145 1545 1184 omnino
1565 1142 1695 1184 nichil

150 1215 231 1255 nisi
270 1216 381 1269 ignis
421 1229 514 1257 esse
551 1215 817 1257 videbantur.
893 1215 966 1256 Ex
1007 1215 1090 1255 alia
1121 1221 1243 1268 parte
1279 1213 1455 1254 stabant
1496 1213 1694 1254 mulieres

150 1284 362 1334 ardentes,
383 1286 517 1326 immo
531 1284 721 1326 totaliter
732 1286 840 1325 sicut
861 1284 1019 1325 ferrum
1038 1285 1136 1337 igne
1157 1283 1402 1332 candentes,
1420 1290 1462 1323 et
1476 1282 1695 1324 habebant

149 1354 303 1407 singuli
325 1360 368 1395 et
387 1355 553 1408 singule
573 1355 739 1408 singula
759 1353 928 1409 flagella
949 1355 1076 1407 ignea
1096 1355 1233 1394 instar
1249 1365 1532 1393 excussorum
1555 1353 1664 1406 ignis
1681 1353 1693 1376 1

147 1424 314 1476 segetis,
355 1431 398 1464 et
437 1424 811 1465 converberabant
859 1438 905 1464 se
938 1425 980 1464 in
1028 1422 1099 1464 illo
1142 1424 1242 1477 igne
1277 1423 1349 1464 ubi
1385 1423 1596 1463 ardebant
1648 1429 1692 1463 et

149 1492 392 1534 candebant
427 1507 523 1534 cum
561 1493 641 1534 illis
678 1493 855 1547 flagellis
891 1493 1039 1546 igneis,
1077 1494 1168 1533 sine
1198 1492 1340 1545 aliqua
1371 1493 1528 1546 quietis
1565 1493 1693 1533 inter-

149 1562 379 1615 polatione,
403 1562 622 1603 meliorem
655 1563 844 1615 quietem
867 1576 1090 1616 nunquam
1126 1561 1357 1610 habebant,
1380 1561 1458 1601 viri
1492 1561 1693 1602 mulieres

148 1630 432 1672 verberabant
447 1632 460 1655 2
481 1638 524 1672 et
545 1646 569 1672 e
590 1632 802 1672 contrario
822 1633 940 1685 peius
962 1630 1184 1672 habebunt
1205 1631 1249 1671 in
1267 1630 1336 1670 die
1353 1630 1496 1671 iudicii
1517 1630 1694 1684 quando

150 1701 192 1741 in
231 1714 409 1754 corpore
449 1700 576 1741 simul
618 1707 661 1741 et
697 1702 739 1741 in
782 1702 927 1741 anima
973 1700 1236 1754 proicientur
1274 1700 1317 1739 in
1370 1699 1514 1752 ignem
1570 1698 1690 1740 illum

147 1776 341 1810 eternum
379 1771 450 1822 qui
486 1783 707 1823 nunquam
759 1771 1047 1823 extinguetur,
1084 1769 1260 1822 quando
1293 1768 1542 1822 implebitur
1587 1767 1691 1809 illud

150 1839 305 1880 Ysaie:
351 1839 657 1880 Vestimentum
689 1840 873 1880 mixtum
905 1838 1128 1892 sanguine,
1152 1839 1194 1879 id
1217 1844 1282 1878 est
1303 1851 1459 1890 corpus
1481 1838 1598 1891 quod
1628 1844 1693 1878 est
1708 1849 1753 1881 Is.
1770 1849 1811 1888 ix,
1827 1859 1857 1890 5.

147 1908 291 1949 anime
312 1910 616 1949 vestimentum
634 1923 641 1958 ;
677 1908 885 1962 sanguine
907 1909 949 1949 id
971 1915 1036 1949 est
1067 1913 1244 1962 peccato
1265 1907 1503 1960 sanguineo
1525 1907 1693 1947 luxurie

150 1978 428 2019 sorditatum:
462 1978 545 2018 erit
575 1978 621 2018 in
655 1977 988 2027 combustionem,
1025 1977 1185 2018 scilicet
1221 1990 1318 2017 cum
1350 1976 1498 2016 anima
1529 1977 1572 2016 in
1607 1990 1693 2029 qua

150 2046 367 2100 peccavit:
401 2052 441 2087 et
459 2047 575 2087 cibus
601 2046 716 2100 zgm‘s
730 2064 745 2095 ,·
778 2048 888 2087 sicut
908 2048 1023 2087 enim
1057 2046 1126 2087 hic
1158 2046 1317 2087 cibavit
1347 2045 1494 2097 ignem
1527 2045 1694 2085 luxurie

148 2117 191 2156 in
229 2129 354 2156 carne
376 2126 476 2165 sua,
504 2116 563 2156 ita
593 2115 756 2169 absque
787 2115 918 2156 dubio
950 2117 1041 2156 sine
1067 2115 1153 2156 fine
1188 2114 1349 2156 cibabit
1380 2115 1422 2154 in
1457 2127 1587 2154 carne
1618 2127 1694 2155 sua

150 2186 294 2237 ignem
329 2184 584 2225 infernalem
621 2185 710 2225 sive
742 2185 935 2226 iehenne.
999 2185 1068 2225 De
1089 2185 1167 2225 hac
1200 2183 1382 2225 materia
1416 2196 1547 2236 quere
1567 2196 1695 2236 supra

149 2253 192 2293 in
231 2253 395 2294 rubrica
431 2255 485 2294 de
523 2254 704 2294 avaricia
735 2253 939 2308 exemplo
976 2254 1118 2307 primo
1154 2260 1198 2294 et
1230 2254 1272 2293 in
1305 2252 1472 2293 rubrica
1507 2252 1562 2293 de
1592 2251 1691 2305 gula

149 2323 352 2376 exemplo
372 2324 537 2376 quinto.

235 2392 351 2446 (200)
385 2392 543 2433 Adhuc
564 2400 709 2433 autem
731 2393 785 2433 ad
803 2394 1143 2434 detestacionem
1161 2393 1284 2433 huius
1306 2392 1468 2445 peccati
1487 2391 1693 2444 reperitur
1705 2402 1806 2439 G.E.‚
1825 2401 1872 2440 ΙΙ,

148 2462 227 2501 hec
258 2462 442 2501 invectio
477 2461 520 2501 in
554 2461 661 2503 libro
692 2464 763 2515 qui
796 2463 951 2503 dicitur
984 2461 1169 2503 Gemma
1192 2460 1481 2503 Sacerdotalis
1514 2461 1557 2500 in
1579 2461 1692 2500 hunc
1705 2445 1739 2476 iii
1754 2444 1799 2486 (12
1816 2445 1902 2488 18⁰)·

149 2531 338 2571 modum.
401 2530 540 2583 Super
561 2531 674 2571 hunc
696 2532 837 2572 locum
860 2532 904 2571 in
925 2531 1106 2584 epistola
1130 2532 1245 2571 Petri
1267 2531 1454 2571 secunda
1475 2529 1690 2570 civitatem
1705 2547 1722 2569 2
1738 2539 1810 2570 Pet.
1824 2538 1858 2577 ii,
1872 2540 1901 2570 6.

152 2598 436 2639 Sodomorum
478 2606 518 2639 et
561 2599 887 2641 Gomoristeorum
929 2601 974 2640 in
1015 2601 1195 2641 cinerem
1238 2599 1433 2652 redigens
1481 2598 1693 2638 eversione

149 2669 413 2721 dampnavit,
445 2668 550 2709 dicit
586 2669 838 2722 expositor:
872 2670 1049 2710 ‘Voluit
1085 2670 1218 2710 etiam
1255 2669 1475 2721 regionem
1512 2668 1690 2708 circum-

148 2738 332 2791 positam
369 2737 556 2790 speciem
586 2739 721 2791 prisce
754 2753 863 2792 pene
902 2753 1081 2781 servare.
1157 2738 1405 2778 Nascuntur
1438 2737 1618 2777 enimin
1641 2751 1691 2777 ea

148 2820 276 2860 poma
318 2807 600 2860 pulcherrima
640 2821 723 2860 que
759 2808 914 2849 edendi
949 2809 1227 2862 cupiditatem
1260 2806 1552 2860 spectantibus
1584 2820 1689 2859 gen-

258 2910 268 2928 ]
282 2910 375 2941 Corr.
391 2909 494 2949 grani
511 2910 526 2939 Ρ
553 2909 601 2949 (οτ
619 2909 763 2950 perhaps
779 2909 874 2951 ignee
888 2911 929 2951 Ρ).

255 2952 267 2971 2
282 2953 430 2993 Perhaps
456 2952 543 2983 ‘viri
584 2976 590 2983 .
617 2978 623 2985 .
653 2977 660 2984 .
686 2953 928 2985 verberabant’
947 2953 1069 2985 should
1086 2963 1183 2985 come
1207 2954 1291 2984 after
1307 2951 1573 2994 interpolatione.
