<?xml version="1.0" encoding="UTF-8"?>
<!DOCTYPE html PUBLIC "-//W3C//DTD XHTML 1.0 Transitional//EN"
    "http://www.w3.org/TR/xhtml1/DTD/xhtml1-transitional.dtd">
<html xmlns="http://www.w3.org/1999/xhtml" xml:lang="en" lang="en">
 <head>
  <title>
</title>
<meta http-equiv="Content-Type" content="text/html;charset=utf-8" />
  <meta name='ocr-system' content='tesseract 3.04.00' />
  <meta name='ocr-capabilities' content='ocr_page ocr_carea ocr_par ocr_line ocrx_word'/>
</head>
<body>
  <div class='ocr_page' id='page_1' title='image "./liberexemploruma00litt_0117.png"; bbox 0 0 2052 3278; ppageno 0'>
   <div class='ocr_carea' id='block_1_1' title="bbox 544 198 1719 281">
    <p class='ocr_par' dir='ltr' id='par_1_1' title="bbox 544 198 1719 281">
     <span class='ocr_line' id='line_1_1' title="bbox 544 198 1719 281; baseline -0.004 -9"><span class='ocrx_word' id='word_1_1' title='bbox 544 233 630 272; x_wconf 89' lang='lat' dir='ltr'>DE</span> <span class='ocrx_word' id='word_1_2' title='bbox 665 198 1353 273; x_wconf 77' lang='lat' dir='ltr'>EXCOMMUNICATIONE</span> <span class='ocrx_word' id='word_1_3' title='bbox 1664 238 1719 281; x_wconf 85' lang='lat'>79</span> 
     </span>
    </p>
   </div>
   <div class='ocr_carea' id='block_1_2' title="bbox 179 342 1942 2813">
    <p class='ocr_par' dir='ltr' id='par_1_2' title="bbox 179 342 1728 2458">
     <span class='ocr_line' id='line_1_2' title="bbox 180 342 1720 403; baseline -0.005 -12"><span class='ocrx_word' id='word_1_4' title='bbox 180 352 242 390; x_wconf 88' lang='lat' dir='ltr'>vir</span> <span class='ocrx_word' id='word_1_5' title='bbox 263 350 484 403; x_wconf 89' lang='lat' dir='ltr'>religiosus</span> <span class='ocrx_word' id='word_1_6' title='bbox 504 348 558 387; x_wconf 93' lang='lat' dir='ltr'>ad</span> <span class='ocrx_word' id='word_1_7' title='bbox 579 348 805 387; x_wconf 78' lang='lat' dir='ltr'>exterioris</span> <span class='ocrx_word' id='word_1_8' title='bbox 826 348 911 387; x_wconf 91' lang='lat' dir='ltr'>vite</span> <span class='ocrx_word' id='word_1_9' title='bbox 932 360 1053 387; x_wconf 91' lang='lat' dir='ltr'>usum</span> <span class='ocrx_word' id='word_1_10' title='bbox 1078 345 1285 399; x_wconf 77' lang='lat' dir='ltr'>prebebat</span> <span class='ocrx_word' id='word_1_11' title='bbox 1315 343 1580 397; x_wconf 80' lang='lat' dir='ltr'>obsequium.</span> <span class='ocrx_word' id='word_1_12' title='bbox 1642 342 1720 384; x_wconf 89' lang='lat' dir='ltr'>Set</span> 
     </span>
     <span class='ocr_line' id='line_1_3' title="bbox 179 413 1721 469; baseline -0.005 -10"><span class='ocrx_word' id='word_1_13' title='bbox 179 419 287 459; x_wconf 91' lang='lat' dir='ltr'>sicut</span> <span class='ocrx_word' id='word_1_14' title='bbox 299 417 514 459; x_wconf 83' lang='lat' dir='ltr'>nonnullis</span> <span class='ocrx_word' id='word_1_15' title='bbox 531 416 641 456; x_wconf 90' lang='lat' dir='ltr'>solet</span> <span class='ocrx_word' id='word_1_16' title='bbox 654 416 855 456; x_wconf 77' lang='lat' dir='ltr'>nobilitas</span> <span class='ocrx_word' id='word_1_17' title='bbox 871 417 1039 469; x_wconf 87' lang='lat' dir='ltr'>generis</span> <span class='ocrx_word' id='word_1_18' title='bbox 1054 429 1202 469; x_wconf 90' lang='lat' dir='ltr'>parere</span> <span class='ocrx_word' id='word_1_19' title='bbox 1217 413 1535 467; x_wconf 83' lang='lat' dir='ltr'>ignobilitatem</span> <span class='ocrx_word' id='word_1_20' title='bbox 1551 413 1721 461; x_wconf 83' lang='lat' dir='ltr'>mentis,</span> 
     </span>
     <span class='ocr_line' id='line_1_4' title="bbox 180 481 1718 537; baseline -0.005 -10"><span class='ocrx_word' id='word_1_21' title='bbox 180 494 227 527; x_wconf 90' lang='lat' dir='ltr'>ut</span> <span class='ocrx_word' id='word_1_22' title='bbox 250 489 387 527; x_wconf 88' lang='lat' dir='ltr'>minus</span> <span class='ocrx_word' id='word_1_23' title='bbox 409 499 456 526; x_wconf 94' lang='lat' dir='ltr'>se</span> <span class='ocrx_word' id='word_1_24' title='bbox 475 487 517 526; x_wconf 91' lang='lat' dir='ltr'>in</span> <span class='ocrx_word' id='word_1_25' title='bbox 538 486 620 525; x_wconf 89' lang='lat' dir='ltr'>hoc</span> <span class='ocrx_word' id='word_1_26' title='bbox 642 484 805 524; x_wconf 90' lang='lat' dir='ltr'>mundo</span> <span class='ocrx_word' id='word_1_27' title='bbox 826 485 1077 537; x_wconf 80' lang='lat' dir='ltr'>despiciant,</span> <span class='ocrx_word' id='word_1_28' title='bbox 1099 485 1170 537; x_wconf 92' lang='lat' dir='ltr'>qui</span> <span class='ocrx_word' id='word_1_29' title='bbox 1203 484 1298 537; x_wconf 87' lang='lat' dir='ltr'>plus</span> <span class='ocrx_word' id='word_1_30' title='bbox 1319 496 1364 523; x_wconf 92' lang='lat' dir='ltr'>se</span> <span class='ocrx_word' id='word_1_31' title='bbox 1384 483 1539 523; x_wconf 90' lang='lat' dir='ltr'>ceteris</span> <span class='ocrx_word' id='word_1_32' title='bbox 1560 481 1718 534; x_wconf 92' lang='lat' dir='ltr'>aliquid</span> 
     </span>
     <span class='ocr_line' id='line_1_5' title="bbox 180 550 1722 606; baseline -0.004 -10"><span class='ocrx_word' id='word_1_33' title='bbox 180 556 311 596; x_wconf 85' lang='lat' dir='ltr'>fuisse</span> <span class='ocrx_word' id='word_1_34' title='bbox 352 554 640 595; x_wconf 89' lang='lat' dir='ltr'>meminerunt</span> <span class='ocrx_word' id='word_1_35' title='bbox 661 566 669 602; x_wconf 71' lang='lat'><em>3</em></span> <span class='ocrx_word' id='word_1_36' title='bbox 717 553 900 592; x_wconf 88' lang='lat' dir='ltr'>necdum</span> <span class='ocrx_word' id='word_1_37' title='bbox 939 554 1132 606; x_wconf 86' lang='lat' dir='ltr'>predicte</span> <span class='ocrx_word' id='word_1_38' title='bbox 1173 551 1525 592; x_wconf 83' lang='lat' dir='ltr'>sanctimoniales</span> <span class='ocrx_word' id='word_1_39' title='bbox 1562 550 1722 591; x_wconf 90' lang='lat' dir='ltr'>femine</span> 
     </span>
     <span class='ocr_line' id='line_1_6' title="bbox 180 620 1720 677; baseline -0.003 -13"><span class='ocrx_word' id='word_1_40' title='bbox 180 624 363 677; x_wconf 88' lang='lat' dir='ltr'>perfecte</span> <span class='ocrx_word' id='word_1_41' title='bbox 383 623 575 675; x_wconf 80' lang='lat' dir='ltr'>linguam</span> <span class='ocrx_word' id='word_1_42' title='bbox 597 621 675 662; x_wconf 91' lang='lat' dir='ltr'>sub</span> <span class='ocrx_word' id='word_1_43' title='bbox 696 621 869 661; x_wconf 89' lang='lat' dir='ltr'>habitus</span> <span class='ocrx_word' id='word_1_44' title='bbox 891 623 954 661; x_wconf 91' lang='lat' dir='ltr'>sui</span> <span class='ocrx_word' id='word_1_45' title='bbox 977 621 1097 661; x_wconf 86' lang='lat' dir='ltr'>freno</span> <span class='ocrx_word' id='word_1_46' title='bbox 1120 623 1443 670; x_wconf 78' lang='lat' dir='ltr'>restrinxerant,</span> <span class='ocrx_word' id='word_1_47' title='bbox 1466 626 1510 660; x_wconf 91' lang='lat' dir='ltr'>et</span> <span class='ocrx_word' id='word_1_48' title='bbox 1531 620 1720 660; x_wconf 89' lang='lat' dir='ltr'>eundem</span> 
     </span>
     <span class='ocr_line' id='line_1_7' title="bbox 181 688 1721 747; baseline -0.004 -13"><span class='ocrx_word' id='word_1_49' title='bbox 181 694 430 747; x_wconf 89' lang='lat' dir='ltr'>religiosum</span> <span class='ocrx_word' id='word_1_50' title='bbox 452 691 587 732; x_wconf 90' lang='lat' dir='ltr'>virum</span> <span class='ocrx_word' id='word_1_51' title='bbox 610 691 681 743; x_wconf 90' lang='lat' dir='ltr'>qui</span> <span class='ocrx_word' id='word_1_52' title='bbox 705 690 760 730; x_wconf 92' lang='lat' dir='ltr'>ad</span> <span class='ocrx_word' id='word_1_53' title='bbox 782 691 998 730; x_wconf 80' lang='lat' dir='ltr'>exteriora</span> <span class='ocrx_word' id='word_1_54' title='bbox 1026 691 1087 730; x_wconf 91' lang='lat' dir='ltr'>eis</span> <span class='ocrx_word' id='word_1_55' title='bbox 1119 690 1372 742; x_wconf 89' lang='lat' dir='ltr'>obsequium</span> <span class='ocrx_word' id='word_1_56' title='bbox 1406 688 1623 742; x_wconf 85' lang='lat' dir='ltr'>prebebat,</span> <span class='ocrx_word' id='word_1_57' title='bbox 1658 689 1721 728; x_wconf 90' lang='lat' dir='ltr'>in-</span> 
     </span>
     <span class='ocr_line' id='line_1_8' title="bbox 181 757 1719 815; baseline -0.003 -13"><span class='ocrx_word' id='word_1_58' title='bbox 181 764 315 802; x_wconf 82' lang='lat' dir='ltr'>cautis</span> <span class='ocrx_word' id='word_1_59' title='bbox 337 775 437 815; x_wconf 90' lang='lat' dir='ltr'>sepe</span> <span class='ocrx_word' id='word_1_60' title='bbox 458 759 726 801; x_wconf 87' lang='lat' dir='ltr'>sermonibus</span> <span class='ocrx_word' id='word_1_61' title='bbox 759 758 815 798; x_wconf 91' lang='lat' dir='ltr'>ad</span> <span class='ocrx_word' id='word_1_62' title='bbox 844 758 1109 798; x_wconf 89' lang='lat' dir='ltr'>iracundiam</span> <span class='ocrx_word' id='word_1_63' title='bbox 1144 758 1449 810; x_wconf 86' lang='lat' dir='ltr'>provocabant.</span> <span class='ocrx_word' id='word_1_64' title='bbox 1512 757 1719 810; x_wconf 75' lang='lat' dir='ltr'>Quicum</span> 
     </span>
     <span class='ocr_line' id='line_1_9' title="bbox 181 827 1721 881; baseline -0.004 -9"><span class='ocrx_word' id='word_1_65' title='bbox 181 832 254 872; x_wconf 92' lang='lat' dir='ltr'>diu</span> <span class='ocrx_word' id='word_1_66' title='bbox 278 833 359 871; x_wconf 90' lang='lat' dir='ltr'>ista</span> <span class='ocrx_word' id='word_1_67' title='bbox 380 829 608 877; x_wconf 88' lang='lat' dir='ltr'>tolleraret,</span> <span class='ocrx_word' id='word_1_68' title='bbox 631 829 824 881; x_wconf 89' lang='lat' dir='ltr'>perrexit</span> <span class='ocrx_word' id='word_1_69' title='bbox 844 828 898 867; x_wconf 90' lang='lat' dir='ltr'>ad</span> <span class='ocrx_word' id='word_1_70' title='bbox 923 828 1007 867; x_wconf 91' lang='lat' dir='ltr'>Dei</span> <span class='ocrx_word' id='word_1_71' title='bbox 1029 827 1263 876; x_wconf 87' lang='lat' dir='ltr'>hominem,</span> <span class='ocrx_word' id='word_1_72' title='bbox 1287 833 1559 880; x_wconf 90' lang='lat' dir='ltr'>quantasque</span> <span class='ocrx_word' id='word_1_73' title='bbox 1580 833 1721 879; x_wconf 90' lang='lat' dir='ltr'>pater-</span> 
     </span>
     <span class='ocr_line' id='line_1_10' title="bbox 181 895 1722 946; baseline -0.003 -6"><span class='ocrx_word' id='word_1_74' title='bbox 181 906 276 940; x_wconf 85' lang='lat' dir='ltr'>etur</span> <span class='ocrx_word' id='word_1_75' title='bbox 303 900 528 940; x_wconf 91' lang='lat' dir='ltr'>verborum</span> <span class='ocrx_word' id='word_1_76' title='bbox 565 897 862 946; x_wconf 85' lang='lat' dir='ltr'>contumelias,</span> <span class='ocrx_word' id='word_1_77' title='bbox 894 897 1118 937; x_wconf 83' lang='lat' dir='ltr'>enarravit.</span> <span class='ocrx_word' id='word_1_78' title='bbox 1181 896 1264 936; x_wconf 87' lang='lat' dir='ltr'>Vir</span> <span class='ocrx_word' id='word_1_79' title='bbox 1283 901 1428 936; x_wconf 87' lang='lat' dir='ltr'>autem</span> <span class='ocrx_word' id='word_1_80' title='bbox 1460 896 1544 936; x_wconf 89' lang='lat' dir='ltr'>Dei</span> <span class='ocrx_word' id='word_1_81' title='bbox 1566 895 1645 935; x_wconf 92' lang='lat' dir='ltr'>hec</span> <span class='ocrx_word' id='word_1_82' title='bbox 1668 895 1722 935; x_wconf 90' lang='lat' dir='ltr'>de</span> 
     </span>
     <span class='ocr_line' id='line_1_11' title="bbox 182 963 1720 1018; baseline -0.004 -9"><span class='ocrx_word' id='word_1_83' title='bbox 182 968 263 1009; x_wconf 86' lang='lat' dir='ltr'>illis</span> <span class='ocrx_word' id='word_1_84' title='bbox 285 968 478 1016; x_wconf 87' lang='lat' dir='ltr'>audiens,</span> <span class='ocrx_word' id='word_1_85' title='bbox 499 966 721 1007; x_wconf 88' lang='lat' dir='ltr'>mandavit</span> <span class='ocrx_word' id='word_1_86' title='bbox 742 965 803 1006; x_wconf 91' lang='lat' dir='ltr'>eis</span> <span class='ocrx_word' id='word_1_87' title='bbox 825 966 1019 1018; x_wconf 89' lang='lat' dir='ltr'>protinus</span> <span class='ocrx_word' id='word_1_88' title='bbox 1052 965 1199 1005; x_wconf 86' lang='lat' dir='ltr'>dicens</span> <span class='ocrx_word' id='word_1_89' title='bbox 1217 980 1223 1005; x_wconf 95' lang='lat'><strong>:</strong></span> <span class='ocrx_word' id='word_1_90' title='bbox 1256 969 1263 983; x_wconf 89' lang='lat'>‘</span> <span class='ocrx_word' id='word_1_91' title='bbox 1281 963 1497 1017; x_wconf 90' lang='lat' dir='ltr'>Corrigite</span> <span class='ocrx_word' id='word_1_92' title='bbox 1531 964 1720 1016; x_wconf 85' lang='lat' dir='ltr'>linguam</span> 
     </span>
     <span class='ocr_line' id='line_1_12' title="bbox 181 1031 1721 1090; baseline -0.004 -12"><span class='ocrx_word' id='word_1_93' title='bbox 181 1044 384 1086; x_wconf 86' lang='lat' dir='ltr'>vestram,</span> <span class='ocrx_word' id='word_1_94' title='bbox 406 1036 506 1090; x_wconf 92' lang='lat' dir='ltr'>quia</span> <span class='ocrx_word' id='word_1_95' title='bbox 527 1035 560 1076; x_wconf 88' lang='lat' dir='ltr'>si</span> <span class='ocrx_word' id='word_1_96' title='bbox 581 1049 670 1076; x_wconf 91' lang='lat' dir='ltr'>non</span> <span class='ocrx_word' id='word_1_97' title='bbox 692 1035 1021 1075; x_wconf 88' lang='lat' dir='ltr'>emendaveritis</span> <span class='ocrx_word' id='word_1_98' title='bbox 1047 1034 1384 1075; x_wconf 89' lang='lat' dir='ltr'>excommunico</span> <span class='ocrx_word' id='word_1_99' title='bbox 1405 1047 1481 1073; x_wconf 86' lang='lat' dir='ltr'>vos</span> <span class='ocrx_word' id='word_1_100' title='bbox 1495 1031 1515 1073; x_wconf 89' lang='lat'>’.</span> <span class='ocrx_word' id='word_1_101' title='bbox 1578 1032 1721 1085; x_wconf 78' lang='lat' dir='ltr'>Quam</span> 
     </span>
     <span class='ocr_line' id='line_1_13' title="bbox 181 1100 1721 1156; baseline -0.005 -9"><span class='ocrx_word' id='word_1_102' title='bbox 181 1106 379 1147; x_wconf 92' lang='lat' dir='ltr'>videlicet</span> <span class='ocrx_word' id='word_1_103' title='bbox 400 1105 867 1146; x_wconf 81' lang='lat' dir='ltr'>excommunicacionis</span> <span class='ocrx_word' id='word_1_104' title='bbox 889 1105 1151 1144; x_wconf 86' lang='lat' dir='ltr'>sententiam</span> <span class='ocrx_word' id='word_1_105' title='bbox 1174 1117 1262 1143; x_wconf 92' lang='lat' dir='ltr'>non</span> <span class='ocrx_word' id='word_1_106' title='bbox 1290 1102 1546 1156; x_wconf 87' lang='lat' dir='ltr'>proferendo</span> <span class='ocrx_word' id='word_1_107' title='bbox 1568 1100 1721 1149; x_wconf 89' lang='lat' dir='ltr'>intulit,</span> 
     </span>
     <span class='ocr_line' id='line_1_14' title="bbox 180 1169 1723 1227; baseline -0.004 -12"><span class='ocrx_word' id='word_1_108' title='bbox 180 1181 246 1216; x_wconf 91' lang='lat' dir='ltr'>set</span> <span class='ocrx_word' id='word_1_109' title='bbox 266 1174 576 1227; x_wconf 91' lang='lat' dir='ltr'>intemptando.</span> <span class='ocrx_word' id='word_1_110' title='bbox 643 1173 721 1213; x_wconf 89' lang='lat' dir='ltr'>Ille</span> <span class='ocrx_word' id='word_1_111' title='bbox 741 1179 884 1213; x_wconf 90' lang='lat' dir='ltr'>autem</span> <span class='ocrx_word' id='word_1_112' title='bbox 909 1186 933 1212; x_wconf 92' lang='lat' dir='ltr'>a</span> <span class='ocrx_word' id='word_1_113' title='bbox 957 1172 1143 1225; x_wconf 87' lang='lat' dir='ltr'>pristinis</span> <span class='ocrx_word' id='word_1_114' title='bbox 1174 1171 1362 1212; x_wconf 89' lang='lat' dir='ltr'>moribus</span> <span class='ocrx_word' id='word_1_115' title='bbox 1383 1169 1513 1210; x_wconf 87' lang='lat' dir='ltr'>nichil</span> <span class='ocrx_word' id='word_1_116' title='bbox 1546 1175 1723 1217; x_wconf 89' lang='lat' dir='ltr'>mutate,</span> 
     </span>
     <span class='ocr_line' id='line_1_15' title="bbox 180 1238 1722 1297; baseline -0.005 -12"><span class='ocrx_word' id='word_1_117' title='bbox 180 1246 288 1285; x_wconf 90' lang='lat' dir='ltr'>intra</span> <span class='ocrx_word' id='word_1_118' title='bbox 329 1257 486 1297; x_wconf 90' lang='lat' dir='ltr'>paucos</span> <span class='ocrx_word' id='word_1_119' title='bbox 526 1243 616 1283; x_wconf 92' lang='lat' dir='ltr'>dies</span> <span class='ocrx_word' id='word_1_120' title='bbox 657 1242 860 1282; x_wconf 88' lang='lat' dir='ltr'>defuncte</span> <span class='ocrx_word' id='word_1_121' title='bbox 901 1248 1010 1290; x_wconf 90' lang='lat' dir='ltr'>sunt,</span> <span class='ocrx_word' id='word_1_122' title='bbox 1064 1248 1193 1294; x_wconf 89' lang='lat' dir='ltr'>atque</span> <span class='ocrx_word' id='word_1_123' title='bbox 1235 1241 1276 1280; x_wconf 92' lang='lat' dir='ltr'>in</span> <span class='ocrx_word' id='word_1_124' title='bbox 1317 1240 1494 1280; x_wconf 87' lang='lat' dir='ltr'>ecclesia</span> <span class='ocrx_word' id='word_1_125' title='bbox 1546 1238 1722 1291; x_wconf 87' lang='lat' dir='ltr'>sepulte.</span> 
     </span>
     <span class='ocr_line' id='line_1_16' title="bbox 181 1308 1722 1366; baseline -0.005 -12"><span class='ocrx_word' id='word_1_126' title='bbox 181 1313 377 1366; x_wconf 87' lang='lat' dir='ltr'>Cumque</span> <span class='ocrx_word' id='word_1_127' title='bbox 396 1313 440 1352; x_wconf 92' lang='lat' dir='ltr'>in</span> <span class='ocrx_word' id='word_1_128' title='bbox 461 1311 613 1352; x_wconf 89' lang='lat' dir='ltr'>eadem</span> <span class='ocrx_word' id='word_1_129' title='bbox 637 1311 815 1351; x_wconf 89' lang='lat' dir='ltr'>ecclesia</span> <span class='ocrx_word' id='word_1_130' title='bbox 847 1310 1075 1351; x_wconf 88' lang='lat' dir='ltr'>missarum</span> <span class='ocrx_word' id='word_1_131' title='bbox 1110 1309 1362 1362; x_wconf 89' lang='lat' dir='ltr'>sollempnia</span> <span class='ocrx_word' id='word_1_132' title='bbox 1394 1308 1722 1357; x_wconf 86' lang='lat' dir='ltr'>celebrarentur,</span> 
     </span>
     <span class='ocr_line' id='line_1_17' title="bbox 181 1377 1724 1436; baseline -0.005 -13"><span class='ocrx_word' id='word_1_133' title='bbox 181 1389 308 1436; x_wconf 90' lang='lat' dir='ltr'>atque</span> <span class='ocrx_word' id='word_1_134' title='bbox 327 1396 384 1422; x_wconf 93' lang='lat' dir='ltr'>ex</span> <span class='ocrx_word' id='word_1_135' title='bbox 406 1394 524 1422; x_wconf 91' lang='lat' dir='ltr'>more</span> <span class='ocrx_word' id='word_1_136' title='bbox 543 1381 747 1421; x_wconf 89' lang='lat' dir='ltr'>diaconus</span> <span class='ocrx_word' id='word_1_137' title='bbox 767 1381 998 1421; x_wconf 89' lang='lat' dir='ltr'>clamaret:</span> <span class='ocrx_word' id='word_1_138' title='bbox 1021 1383 1028 1399; x_wconf 87' lang='lat'><em>‘</em></span> <span class='ocrx_word' id='word_1_139' title='bbox 1048 1379 1095 1421; x_wconf 82' lang='lat' dir='ltr'>Si</span> <span class='ocrx_word' id='word_1_140' title='bbox 1117 1380 1211 1432; x_wconf 89' lang='lat' dir='ltr'>quis</span> <span class='ocrx_word' id='word_1_141' title='bbox 1234 1391 1319 1418; x_wconf 91' lang='lat' dir='ltr'>non</span> <span class='ocrx_word' id='word_1_142' title='bbox 1341 1378 1631 1418; x_wconf 89' lang='lat' dir='ltr'>communicat</span> <span class='ocrx_word' id='word_1_143' title='bbox 1649 1377 1724 1417; x_wconf 91' lang='lat' dir='ltr'>det</span> 
     </span>
     <span class='ocr_line' id='line_1_18' title="bbox 182 1446 1724 1502; baseline -0.004 -11"><span class='ocrx_word' id='word_1_144' title='bbox 182 1450 374 1500; x_wconf 88' lang='lat' dir='ltr'>locum’;</span> <span class='ocrx_word' id='word_1_145' title='bbox 407 1450 555 1492; x_wconf 91' lang='lat' dir='ltr'>nutrix</span> <span class='ocrx_word' id='word_1_146' title='bbox 575 1463 720 1490; x_wconf 90' lang='lat' dir='ltr'>earum</span> <span class='ocrx_word' id='word_1_147' title='bbox 752 1463 836 1502; x_wconf 89' lang='lat' dir='ltr'>que</span> <span class='ocrx_word' id='word_1_148' title='bbox 866 1463 942 1501; x_wconf 87' lang='lat' dir='ltr'>pro</span> <span class='ocrx_word' id='word_1_149' title='bbox 973 1449 1032 1489; x_wconf 93' lang='lat' dir='ltr'>eis</span> <span class='ocrx_word' id='word_1_150' title='bbox 1061 1448 1323 1488; x_wconf 88' lang='lat' dir='ltr'>oblationem</span> <span class='ocrx_word' id='word_1_151' title='bbox 1348 1446 1538 1487; x_wconf 88' lang='lat' dir='ltr'>Domino</span> <span class='ocrx_word' id='word_1_152' title='bbox 1569 1446 1724 1486; x_wconf 86' lang='lat' dir='ltr'>offerre</span> 
     </span>
     <span class='ocr_line' id='line_1_19' title="bbox 182 1515 1723 1571; baseline -0.004 -10"><span class='ocrx_word' id='word_1_153' title='bbox 182 1525 475 1569; x_wconf 88' lang='lat' dir='ltr'>consueverat,</span> <span class='ocrx_word' id='word_1_154' title='bbox 512 1533 584 1559; x_wconf 91' lang='lat' dir='ltr'>eas</span> <span class='ocrx_word' id='word_1_155' title='bbox 609 1519 664 1558; x_wconf 91' lang='lat' dir='ltr'>de</span> <span class='ocrx_word' id='word_1_156' title='bbox 700 1519 902 1571; x_wconf 87' lang='lat' dir='ltr'>sepulcris</span> <span class='ocrx_word' id='word_1_157' title='bbox 931 1517 1133 1571; x_wconf 84' lang='lat' dir='ltr'>progredi</span> <span class='ocrx_word' id='word_1_158' title='bbox 1163 1523 1206 1557; x_wconf 90' lang='lat' dir='ltr'>et</span> <span class='ocrx_word' id='word_1_159' title='bbox 1241 1518 1302 1556; x_wconf 92' lang='lat' dir='ltr'>ire</span> <span class='ocrx_word' id='word_1_160' title='bbox 1338 1522 1462 1556; x_wconf 90' lang='lat' dir='ltr'>extra</span> <span class='ocrx_word' id='word_1_161' title='bbox 1498 1515 1723 1556; x_wconf 89' lang='lat' dir='ltr'>ecclesiam</span> 
     </span>
     <span class='ocr_line' id='line_1_20' title="bbox 182 1584 1723 1642; baseline -0.003 -13"><span class='ocrx_word' id='word_1_162' title='bbox 182 1590 367 1631; x_wconf 90' lang='lat' dir='ltr'>videbat.</span> <span class='ocrx_word' id='word_1_163' title='bbox 432 1588 560 1642; x_wconf 75' lang='lat' dir='ltr'>Quod</span> <span class='ocrx_word' id='word_1_164' title='bbox 593 1588 696 1628; x_wconf 88' lang='lat' dir='ltr'>dum</span> <span class='ocrx_word' id='word_1_165' title='bbox 728 1589 868 1641; x_wconf 90' lang='lat' dir='ltr'>sepius</span> <span class='ocrx_word' id='word_1_166' title='bbox 900 1593 1106 1637; x_wconf 90' lang='lat' dir='ltr'>cerneret,</span> <span class='ocrx_word' id='word_1_167' title='bbox 1139 1587 1239 1639; x_wconf 89' lang='lat' dir='ltr'>quia</span> <span class='ocrx_word' id='word_1_168' title='bbox 1269 1586 1322 1625; x_wconf 90' lang='lat' dir='ltr'>ad</span> <span class='ocrx_word' id='word_1_169' title='bbox 1355 1598 1505 1625; x_wconf 92' lang='lat' dir='ltr'>vocem</span> <span class='ocrx_word' id='word_1_170' title='bbox 1538 1584 1723 1637; x_wconf 86' lang='lat' dir='ltr'>dyaconi</span> 
     </span>
     <span class='ocr_line' id='line_1_21' title="bbox 181 1654 1724 1710; baseline -0.005 -11"><span class='ocrx_word' id='word_1_171' title='bbox 181 1658 405 1699; x_wconf 87' lang='lat' dir='ltr'>clamantis</span> <span class='ocrx_word' id='word_1_172' title='bbox 428 1656 636 1699; x_wconf 81' lang='lat' dir='ltr'>exibant1</span> <span class='ocrx_word' id='word_1_173' title='bbox 659 1657 784 1705; x_wconf 80' lang='lat' dir='ltr'>foras,</span> <span class='ocrx_word' id='word_1_174' title='bbox 807 1663 937 1710; x_wconf 91' lang='lat' dir='ltr'>atque</span> <span class='ocrx_word' id='word_1_175' title='bbox 963 1657 1073 1696; x_wconf 90' lang='lat' dir='ltr'>intra</span> <span class='ocrx_word' id='word_1_176' title='bbox 1100 1654 1323 1696; x_wconf 90' lang='lat' dir='ltr'>ecclesiam</span> <span class='ocrx_word' id='word_1_177' title='bbox 1356 1667 1608 1708; x_wconf 91' lang='lat' dir='ltr'>permanere</span> <span class='ocrx_word' id='word_1_178' title='bbox 1638 1666 1724 1693; x_wconf 91' lang='lat' dir='ltr'>non</span> 
     </span>
     <span class='ocr_line' id='line_1_22' title="bbox 183 1717 1726 1782; baseline -0.005 -13"><span class='ocrx_word' id='word_1_179' title='bbox 183 1734 397 1782; x_wconf 89' lang='lat' dir='ltr'>poterant,</span> <span class='ocrx_word' id='word_1_180' title='bbox 413 1727 469 1766; x_wconf 88' lang='lat' dir='ltr'>acl</span> <span class='ocrx_word' id='word_1_181' title='bbox 484 1717 734 1767; x_wconf 87' lang='lat' dir='ltr'>memoriam</span> <span class='ocrx_word' id='word_1_182' title='bbox 753 1726 876 1766; x_wconf 91' lang='lat' dir='ltr'>rediit</span> <span class='ocrx_word' id='word_1_183' title='bbox 891 1725 1007 1779; x_wconf 91' lang='lat' dir='ltr'>quod</span> <span class='ocrx_word' id='word_1_184' title='bbox 1022 1727 1035 1749; x_wconf 76' lang='lat'><strong>²</strong></span> <span class='ocrx_word' id='word_1_185' title='bbox 1053 1725 1115 1765; x_wconf 88' lang='lat' dir='ltr'>vir</span> <span class='ocrx_word' id='word_1_186' title='bbox 1133 1725 1217 1765; x_wconf 90' lang='lat' dir='ltr'>Dei</span> <span class='ocrx_word' id='word_1_187' title='bbox 1235 1724 1315 1764; x_wconf 90' lang='lat' dir='ltr'>illis</span> <span class='ocrx_word' id='word_1_188' title='bbox 1331 1723 1471 1763; x_wconf 89' lang='lat' dir='ltr'>adhuc</span> <span class='ocrx_word' id='word_1_189' title='bbox 1485 1723 1726 1763; x_wconf 89' lang='lat' dir='ltr'>viventibus</span> 
     </span>
     <span class='ocr_line' id='line_1_23' title="bbox 186 1792 1726 1849; baseline -0.004 -12"><span class='ocrx_word' id='word_1_190' title='bbox 186 1797 420 1837; x_wconf 87' lang='lat' dir='ltr'>mandavit.</span> <span class='ocrx_word' id='word_1_191' title='bbox 481 1795 581 1849; x_wconf 84' lang='lat' dir='ltr'>[fol.</span> <span class='ocrx_word' id='word_1_192' title='bbox 606 1794 709 1848; x_wconf 63' lang='lat'>74⁶2]</span> <span class='ocrx_word' id='word_1_193' title='bbox 734 1795 821 1834; x_wconf 89' lang='lat' dir='ltr'>Eas</span> <span class='ocrx_word' id='word_1_194' title='bbox 857 1794 1015 1848; x_wconf 89' lang='lat' dir='ltr'>quippe</span> <span class='ocrx_word' id='word_1_195' title='bbox 1046 1808 1091 1834; x_wconf 92' lang='lat' dir='ltr'>se</span> <span class='ocrx_word' id='word_1_196' title='bbox 1112 1793 1417 1834; x_wconf 89' lang='lat' dir='ltr'>communione</span> <span class='ocrx_word' id='word_1_197' title='bbox 1438 1793 1607 1846; x_wconf 86' lang='lat' dir='ltr'>privare</span> <span class='ocrx_word' id='word_1_198' title='bbox 1628 1792 1726 1832; x_wconf 90' lang='lat' dir='ltr'>dix-</span> 
     </span>
     <span class='ocr_line' id='line_1_24' title="bbox 185 1861 1726 1917; baseline -0.005 -10"><span class='ocrx_word' id='word_1_199' title='bbox 185 1874 287 1916; x_wconf 89' lang='lat' dir='ltr'>erat,</span> <span class='ocrx_word' id='word_1_200' title='bbox 311 1866 391 1905; x_wconf 91' lang='lat' dir='ltr'>nisi</span> <span class='ocrx_word' id='word_1_201' title='bbox 413 1878 554 1905; x_wconf 88' lang='lat' dir='ltr'>mores</span> <span class='ocrx_word' id='word_1_202' title='bbox 573 1878 673 1904; x_wconf 89' lang='lat' dir='ltr'>suos</span> <span class='ocrx_word' id='word_1_203' title='bbox 696 1871 738 1905; x_wconf 93' lang='lat' dir='ltr'>et</span> <span class='ocrx_word' id='word_1_204' title='bbox 758 1864 891 1904; x_wconf 88' lang='lat' dir='ltr'>verba</span> <span class='ocrx_word' id='word_1_205' title='bbox 913 1862 1366 1917; x_wconf 86' lang='lat' dir='ltr'>corrigerent.-—Sane</span> <span class='ocrx_word' id='word_1_206' title='bbox 1391 1874 1477 1901; x_wconf 89' lang='lat' dir='ltr'>non</span> <span class='ocrx_word' id='word_1_207' title='bbox 1501 1867 1566 1901; x_wconf 91' lang='lat' dir='ltr'>est</span> <span class='ocrx_word' id='word_1_208' title='bbox 1587 1861 1726 1914; x_wconf 88' lang='lat' dir='ltr'>parvi.-</span> 
     </span>
     <span class='ocr_line' id='line_1_25' title="bbox 185 1931 1724 1988; baseline -0.004 -13"><span class='ocrx_word' id='word_1_209' title='bbox 185 1933 413 1988; x_wconf 89' lang='lat' dir='ltr'>pendenda</span> <span class='ocrx_word' id='word_1_210' title='bbox 435 1933 651 1974; x_wconf 88' lang='lat' dir='ltr'>sententia</span> <span class='ocrx_word' id='word_1_211' title='bbox 673 1938 819 1972; x_wconf 88' lang='lat' dir='ltr'>sancte</span> <span class='ocrx_word' id='word_1_212' title='bbox 840 1932 987 1972; x_wconf 88' lang='lat' dir='ltr'>matris</span> <span class='ocrx_word' id='word_1_213' title='bbox 1019 1931 1194 1972; x_wconf 87' lang='lat' dir='ltr'>ecclesie</span> <span class='ocrx_word' id='word_1_214' title='bbox 1225 1944 1310 1984; x_wconf 89' lang='lat' dir='ltr'>qua</span> <span class='ocrx_word' id='word_1_215' title='bbox 1340 1931 1450 1971; x_wconf 89' lang='lat' dir='ltr'>iuste</span> <span class='ocrx_word' id='word_1_216' title='bbox 1481 1944 1724 1985; x_wconf 87' lang='lat' dir='ltr'>percussum</span> 
     </span>
     <span class='ocr_line' id='line_1_26' title="bbox 186 1998 1727 2057; baseline -0.003 -13"><span class='ocrx_word' id='word_1_217' title='bbox 186 2003 373 2057; x_wconf 89' lang='lat' dir='ltr'>separari</span> <span class='ocrx_word' id='word_1_218' title='bbox 393 2002 753 2043; x_wconf 89' lang='lat' dir='ltr'>communioneet</span> <span class='ocrx_word' id='word_1_219' title='bbox 775 2002 979 2042; x_wconf 86' lang='lat' dir='ltr'>societate</span> <span class='ocrx_word' id='word_1_220' title='bbox 1011 2001 1143 2042; x_wconf 89' lang='lat' dir='ltr'>totius</span> <span class='ocrx_word' id='word_1_221' title='bbox 1174 2000 1349 2041; x_wconf 86' lang='lat' dir='ltr'>ecclesie</span> <span class='ocrx_word' id='word_1_222' title='bbox 1380 2006 1470 2040; x_wconf 90' lang='lat' dir='ltr'>tarn</span> <span class='ocrx_word' id='word_1_223' title='bbox 1506 1998 1727 2040; x_wconf 90' lang='lat' dir='ltr'>militantis</span> 
     </span>
     <span class='ocr_line' id='line_1_27' title="bbox 187 2068 1728 2126; baseline -0.003 -13"><span class='ocrx_word' id='word_1_224' title='bbox 187 2085 317 2126; x_wconf 91' lang='lat' dir='ltr'>quam</span> <span class='ocrx_word' id='word_1_225' title='bbox 340 2070 643 2122; x_wconf 89' lang='lat' dir='ltr'>triumphantis</span> <span class='ocrx_word' id='word_1_226' title='bbox 664 2070 822 2111; x_wconf 88' lang='lat' dir='ltr'>clamat</span> <span class='ocrx_word' id='word_1_227' title='bbox 855 2070 987 2111; x_wconf 86' lang='lat' dir='ltr'>etiam</span> <span class='ocrx_word' id='word_1_228' title='bbox 1021 2070 1101 2110; x_wconf 90' lang='lat' dir='ltr'>hoc</span> <span class='ocrx_word' id='word_1_229' title='bbox 1137 2069 1401 2122; x_wconf 90' lang='lat' dir='ltr'>exemplum.</span> <span class='ocrx_word' id='word_1_230' title='bbox 1465 2068 1593 2121; x_wconf 78' lang='lat' dir='ltr'>Quod</span> <span class='ocrx_word' id='word_1_231' title='bbox 1627 2081 1728 2108; x_wconf 94' lang='lat' dir='ltr'>vero</span> 
     </span>
     <span class='ocr_line' id='line_1_28' title="bbox 186 2138 1727 2193; baseline -0.004 -11"><span class='ocrx_word' id='word_1_232' title='bbox 186 2141 403 2182; x_wconf 89' lang='lat' dir='ltr'>clamabat</span> <span class='ocrx_word' id='word_1_233' title='bbox 423 2141 626 2181; x_wconf 89' lang='lat' dir='ltr'>diaconus</span> <span class='ocrx_word' id='word_1_234' title='bbox 644 2155 652 2180; x_wconf 91' lang='lat'>:</span> <span class='ocrx_word' id='word_1_235' title='bbox 687 2139 756 2181; x_wconf 89' lang='lat' dir='ltr'>‘Si</span> <span class='ocrx_word' id='word_1_236' title='bbox 777 2141 871 2193; x_wconf 92' lang='lat' dir='ltr'>quis</span> <span class='ocrx_word' id='word_1_237' title='bbox 893 2154 979 2180; x_wconf 92' lang='lat' dir='ltr'>non</span> <span class='ocrx_word' id='word_1_238' title='bbox 1000 2138 1289 2180; x_wconf 88' lang='lat' dir='ltr'>communicat</span> <span class='ocrx_word' id='word_1_239' title='bbox 1311 2138 1386 2179; x_wconf 92' lang='lat' dir='ltr'>det</span> <span class='ocrx_word' id='word_1_240' title='bbox 1406 2138 1546 2179; x_wconf 90' lang='lat' dir='ltr'>locum</span> <span class='ocrx_word' id='word_1_241' title='bbox 1565 2138 1572 2153; x_wconf 89' lang='lat'><em>’</em></span> <span class='ocrx_word' id='word_1_242' title='bbox 1593 2153 1601 2178; x_wconf 72' lang='grc' dir='ltr'><em>τ</em></span> <span class='ocrx_word' id='word_1_243' title='bbox 1633 2150 1727 2177; x_wconf 91' lang='lat' dir='ltr'>sen-</span> 
     </span>
     <span class='ocr_line' id='line_1_29' title="bbox 188 2206 1728 2263; baseline -0.004 -11"><span class='ocrx_word' id='word_1_244' title='bbox 188 2212 325 2252; x_wconf 91' lang='lat' dir='ltr'>tentia</span> <span class='ocrx_word' id='word_1_245' title='bbox 360 2210 449 2250; x_wconf 87' lang='lat' dir='ltr'>sine</span> <span class='ocrx_word' id='word_1_246' title='bbox 485 2209 715 2263; x_wconf 90' lang='lat' dir='ltr'>preiudicio</span> <span class='ocrx_word' id='word_1_247' title='bbox 751 2210 831 2250; x_wconf 92' lang='lat' dir='ltr'>hec</span> <span class='ocrx_word' id='word_1_248' title='bbox 867 2215 943 2250; x_wconf 89' lang='lat' dir='ltr'>est.</span> <span class='ocrx_word' id='word_1_249' title='bbox 1020 2208 1066 2250; x_wconf 91' lang='lat' dir='ltr'>Si</span> <span class='ocrx_word' id='word_1_250' title='bbox 1102 2208 1199 2261; x_wconf 91' lang='lat' dir='ltr'>quis</span> <span class='ocrx_word' id='word_1_251' title='bbox 1236 2220 1323 2247; x_wconf 93' lang='lat' dir='ltr'>non</span> <span class='ocrx_word' id='word_1_252' title='bbox 1360 2207 1490 2247; x_wconf 91' lang='lat' dir='ltr'>debet</span> <span class='ocrx_word' id='word_1_253' title='bbox 1521 2206 1728 2247; x_wconf 88' lang='lat' dir='ltr'>interesse</span> 
     </span>
     <span class='ocr_line' id='line_1_30' title="bbox 188 2277 1728 2331; baseline -0.002 -11"><span class='ocrx_word' id='word_1_254' title='bbox 188 2279 479 2320; x_wconf 90' lang='lat' dir='ltr'>communioni</span> <span class='ocrx_word' id='word_1_255' title='bbox 510 2278 665 2328; x_wconf 88' lang='lat' dir='ltr'>altaris,</span> <span class='ocrx_word' id='word_1_256' title='bbox 686 2277 766 2318; x_wconf 93' lang='lat' dir='ltr'>hoc</span> <span class='ocrx_word' id='word_1_257' title='bbox 789 2284 854 2319; x_wconf 91' lang='lat' dir='ltr'>est</span> <span class='ocrx_word' id='word_1_258' title='bbox 889 2278 1064 2331; x_wconf 89' lang='lat' dir='ltr'>quando</span> <span class='ocrx_word' id='word_1_259' title='bbox 1085 2278 1225 2317; x_wconf 87' lang='lat' dir='ltr'>hostia</span> <span class='ocrx_word' id='word_1_260' title='bbox 1261 2283 1543 2326; x_wconf 89' lang='lat' dir='ltr'>consecratur,</span> <span class='ocrx_word' id='word_1_261' title='bbox 1566 2283 1610 2316; x_wconf 89' lang='lat' dir='ltr'>et</span> <span class='ocrx_word' id='word_1_262' title='bbox 1632 2283 1728 2329; x_wconf 89' lang='lat' dir='ltr'>post</span> 
     </span>
     <span class='ocr_line' id='line_1_31' title="bbox 191 2345 1728 2402; baseline -0.003 -13"><span class='ocrx_word' id='word_1_263' title='bbox 191 2348 370 2402; x_wconf 91' lang='lat' dir='ltr'>populus</span> <span class='ocrx_word' id='word_1_264' title='bbox 386 2347 401 2371; x_wconf 79' lang='lat'><strong>3</strong></span> <span class='ocrx_word' id='word_1_265' title='bbox 428 2349 730 2395; x_wconf 84' lang='lat' dir='ltr'>communicat,</span> <span class='ocrx_word' id='word_1_266' title='bbox 750 2347 805 2388; x_wconf 92' lang='lat' dir='ltr'>de</span> <span class='ocrx_word' id='word_1_267' title='bbox 838 2347 1015 2388; x_wconf 90' lang='lat' dir='ltr'>ecclesia</span> <span class='ocrx_word' id='word_1_268' title='bbox 1045 2352 1185 2387; x_wconf 89' lang='lat' dir='ltr'>exeat.</span> <span class='ocrx_word' id='word_1_269' title='bbox 1251 2347 1292 2386; x_wconf 88' lang='lat' dir='ltr'>Is</span> <span class='ocrx_word' id='word_1_270' title='bbox 1313 2346 1428 2386; x_wconf 89' lang='lat' dir='ltr'>enim</span> <span class='ocrx_word' id='word_1_271' title='bbox 1452 2345 1606 2385; x_wconf 91' lang='lat' dir='ltr'>modus</span> <span class='ocrx_word' id='word_1_272' title='bbox 1626 2350 1728 2385; x_wconf 91' lang='lat' dir='ltr'>tunc</span> 
     </span>
     <span class='ocr_line' id='line_1_32' title="bbox 190 2416 707 2458; baseline -0.002 0"><span class='ocrx_word' id='word_1_273' title='bbox 190 2419 232 2458; x_wconf 90' lang='lat' dir='ltr'>in</span> <span class='ocrx_word' id='word_1_274' title='bbox 254 2416 431 2457; x_wconf 87' lang='lat' dir='ltr'>ecclesia</span> <span class='ocrx_word' id='word_1_275' title='bbox 451 2416 707 2457; x_wconf 86' lang='lat' dir='ltr'>servabatur.</span> 
     </span>
    </p>

    <p class='ocr_par' dir='ltr' id='par_1_3' title="bbox 188 2484 1942 2813">
     <span class='ocr_line' id='line_1_33' title="bbox 281 2484 1821 2538; baseline -0.001 -12"><span class='ocrx_word' id='word_1_276' title='bbox 281 2486 402 2537; x_wconf 85' lang='lat'>(133)</span> <span class='ocrx_word' id='word_1_277' title='bbox 434 2484 656 2538; x_wconf 78' lang='lat' dir='ltr'>Quantum</span> <span class='ocrx_word' id='word_1_278' title='bbox 702 2490 845 2525; x_wconf 89' lang='lat' dir='ltr'>autem</span> <span class='ocrx_word' id='word_1_279' title='bbox 883 2484 1091 2538; x_wconf 86' lang='lat' dir='ltr'>dyabolus</span> <span class='ocrx_word' id='word_1_280' title='bbox 1124 2485 1204 2525; x_wconf 93' lang='lat' dir='ltr'>hoc</span> <span class='ocrx_word' id='word_1_281' title='bbox 1238 2489 1417 2537; x_wconf 87' lang='lat' dir='ltr'>peccato</span> <span class='ocrx_word' id='word_1_282' title='bbox 1440 2484 1624 2525; x_wconf 90' lang='lat' dir='ltr'>lucretur</span> <span class='ocrx_word' id='word_1_283' title='bbox 1642 2497 1729 2524; x_wconf 92' lang='lat' dir='ltr'>non</span> <span class='ocrx_word' id='word_1_284' title='bbox 1744 2497 1821 2529; x_wconf 88' lang='lat' dir='ltr'>Gul.</span> 
     </span>
     <span class='ocr_line' id='line_1_34' title="bbox 191 2540 1942 2616; baseline -0.002 -20"><span class='ocrx_word' id='word_1_285' title='bbox 191 2561 255 2596; x_wconf 91' lang='lat' dir='ltr'>est</span> <span class='ocrx_word' id='word_1_286' title='bbox 275 2555 395 2596; x_wconf 93' lang='lat' dir='ltr'>nobis</span> <span class='ocrx_word' id='word_1_287' title='bbox 431 2553 552 2594; x_wconf 90' lang='lat' dir='ltr'>facile</span> <span class='ocrx_word' id='word_1_288' title='bbox 585 2554 790 2595; x_wconf 88' lang='lat' dir='ltr'>evolvere.</span> <span class='ocrx_word' id='word_1_289' title='bbox 857 2554 988 2595; x_wconf 93' lang='lat' dir='ltr'>Unde</span> <span class='ocrx_word' id='word_1_290' title='bbox 1021 2554 1196 2607; x_wconf 90' lang='lat' dir='ltr'>quidam</span> <span class='ocrx_word' id='word_1_291' title='bbox 1232 2553 1441 2606; x_wconf 84' lang='lat' dir='ltr'>dyabolus</span> <span class='ocrx_word' id='word_1_292' title='bbox 1474 2553 1650 2606; x_wconf 91' lang='lat' dir='ltr'>loquens</span> <span class='ocrx_word' id='word_1_293' title='bbox 1685 2554 1726 2593; x_wconf 88' lang='lat' dir='ltr'>in</span> <span class='ocrx_word' id='word_1_294' title='bbox 1743 2540 1887 2616; x_wconf 51' lang='grc' dir='ltr'>15)ξὲξὲ</span> <span class='ocrx_word' id='word_1_295' title='bbox 1901 2584 1942 2615; x_wconf 84' lang='lat' dir='ltr'>de</span> 
     </span>
     <span class='ocr_line' id='line_1_35' title="bbox 188 2621 1859 2678; baseline -0.004 -13"><span class='ocrx_word' id='word_1_296' title='bbox 188 2624 377 2678; x_wconf 90' lang='lat' dir='ltr'>quodam</span> <span class='ocrx_word' id='word_1_297' title='bbox 412 2622 667 2663; x_wconf 90' lang='lat' dir='ltr'>demoniaco</span> <span class='ocrx_word' id='word_1_298' title='bbox 700 2629 798 2675; x_wconf 89' lang='lat' dir='ltr'>post</span> <span class='ocrx_word' id='word_1_299' title='bbox 833 2622 990 2663; x_wconf 88' lang='lat' dir='ltr'>multas</span> <span class='ocrx_word' id='word_1_300' title='bbox 1026 2622 1350 2663; x_wconf 80' lang='lat' dir='ltr'>adiuraciones4</span> <span class='ocrx_word' id='word_1_301' title='bbox 1383 2622 1603 2662; x_wconf 91' lang='lat' dir='ltr'>cuiusdam</span> <span class='ocrx_word' id='word_1_302' title='bbox 1625 2621 1728 2662; x_wconf 90' lang='lat' dir='ltr'>boni</span> <span class='ocrx_word' id='word_1_303' title='bbox 1741 2628 1859 2660; x_wconf 83' lang='lat' dir='ltr'>Viciis.</span> 
     </span>
     <span class='ocr_line' id='line_1_36' title="bbox 192 2690 1726 2745; baseline 0 -13"><span class='ocrx_word' id='word_1_304' title='bbox 192 2694 268 2733; x_wconf 88' lang='lat' dir='ltr'>viri</span> <span class='ocrx_word' id='word_1_305' title='bbox 301 2692 414 2733; x_wconf 89' lang='lat' dir='ltr'>dixit</span> <span class='ocrx_word' id='word_1_306' title='bbox 446 2693 494 2740; x_wconf 91' lang='lat' dir='ltr'>ei,</span> <span class='ocrx_word' id='word_1_307' title='bbox 530 2691 643 2744; x_wconf 93' lang='lat' dir='ltr'>quod</span> <span class='ocrx_word' id='word_1_308' title='bbox 680 2692 760 2731; x_wconf 91' lang='lat' dir='ltr'>hoc</span> <span class='ocrx_word' id='word_1_309' title='bbox 798 2699 1022 2745; x_wconf 87' lang='lat' dir='ltr'>peccatum</span> <span class='ocrx_word' id='word_1_310' title='bbox 1057 2698 1147 2732; x_wconf 90' lang='lat' dir='ltr'>erat</span> <span class='ocrx_word' id='word_1_311' title='bbox 1179 2705 1266 2744; x_wconf 92' lang='lat' dir='ltr'>quo</span> <span class='ocrx_word' id='word_1_312' title='bbox 1300 2690 1439 2744; x_wconf 90' lang='lat' dir='ltr'>plures</span> <span class='ocrx_word' id='word_1_313' title='bbox 1472 2690 1726 2733; x_wconf 84' lang='lat' dir='ltr'>lucrabatur.</span> 
     </span>
     <span class='ocr_line' id='line_1_37' title="bbox 195 2759 1728 2813; baseline 0 -11"><span class='ocrx_word' id='word_1_314' title='bbox 195 2763 319 2804; x_wconf 89' lang='lat' dir='ltr'>Unus</span> <span class='ocrx_word' id='word_1_315' title='bbox 340 2761 454 2801; x_wconf 89' lang='lat' dir='ltr'>enim</span> <span class='ocrx_word' id='word_1_316' title='bbox 477 2761 873 2800; x_wconf 89' lang='lat' dir='ltr'>excommunicatus</span> <span class='ocrx_word' id='word_1_317' title='bbox 894 2773 976 2800; x_wconf 89' lang='lat' dir='ltr'>una</span> <span class='ocrx_word' id='word_1_318' title='bbox 996 2761 1066 2800; x_wconf 91' lang='lat' dir='ltr'>die</span> <span class='ocrx_word' id='word_1_319' title='bbox 1088 2760 1346 2813; x_wconf 88' lang='lat' dir='ltr'>quandoque</span> <span class='ocrx_word' id='word_1_320' title='bbox 1367 2759 1468 2799; x_wconf 89' lang='lat' dir='ltr'>facit</span> <span class='ocrx_word' id='word_1_321' title='bbox 1495 2773 1671 2812; x_wconf 89' lang='lat' dir='ltr'>peccare</span> <span class='ocrx_word' id='word_1_322' title='bbox 1695 2760 1728 2802; x_wconf 92' lang='lat' dir='ltr'>C</span> 
     </span>
    </p>
   </div>
   <div class='ocr_carea' id='block_1_3' title="bbox 375 2865 1546 2951">
    <p class='ocr_par' dir='ltr' id='par_1_4' title="bbox 375 2865 1546 2951">
     <span class='ocr_line' id='line_1_38' title="bbox 377 2865 1320 2906; baseline -0.001 -9"><span class='ocrx_word' id='word_1_323' title='bbox 377 2867 387 2886; x_wconf 79' lang='lat'>1</span> <span class='ocrx_word' id='word_1_324' title='bbox 401 2867 474 2897; x_wconf 93' lang='lat' dir='ltr'>MS.</span> <span class='ocrx_word' id='word_1_325' title='bbox 493 2866 670 2897; x_wconf 85' lang='lat' dir='ltr'>exhibeant</span> <span class='ocrx_word' id='word_1_326' title='bbox 686 2865 856 2897; x_wconf 86' lang='lat' dir='ltr'>corrected</span> <span class='ocrx_word' id='word_1_327' title='bbox 873 2872 907 2897; x_wconf 88' lang='lat' dir='ltr'>to</span> <span class='ocrx_word' id='word_1_328' title='bbox 924 2873 1055 2898; x_wconf 83' lang='lat' dir='ltr'>exeant.</span> <span class='ocrx_word' id='word_1_329' title='bbox 1170 2866 1183 2884; x_wconf 76' lang='lat'>2</span> <span class='ocrx_word' id='word_1_330' title='bbox 1195 2867 1271 2897; x_wconf 90' lang='lat' dir='ltr'>MS.</span> <span class='ocrx_word' id='word_1_331' title='bbox 1290 2865 1320 2906; x_wconf 68' lang='grc' dir='ltr'>ᾇ.</span> 
     </span>
     <span class='ocr_line' id='line_1_39' title="bbox 375 2908 1546 2951; baseline -0.001 -10"><span class='ocrx_word' id='word_1_332' title='bbox 375 2911 387 2929; x_wconf 70' lang='lat'><strong>³</strong></span> <span class='ocrx_word' id='word_1_333' title='bbox 399 2910 473 2941; x_wconf 89' lang='lat' dir='ltr'>MS.</span> <span class='ocrx_word' id='word_1_334' title='bbox 492 2909 522 2951; x_wconf 88' lang='lat' dir='ltr'>p&#39;</span> <span class='ocrx_word' id='word_1_335' title='bbox 539 2909 593 2951; x_wconf 85' lang='lat' dir='ltr'>pp’</span> <span class='ocrx_word' id='word_1_336' title='bbox 612 2909 816 2951; x_wconf 84' lang='lat' dir='ltr'>(priusquam</span> <span class='ocrx_word' id='word_1_337' title='bbox 833 2911 978 2951; x_wconf 88' lang='lat' dir='ltr'>populus</span> <span class='ocrx_word' id='word_1_338' title='bbox 992 2910 1029 2951; x_wconf 70' lang='grc' dir='ltr'>Ρ).</span> <span class='ocrx_word' id='word_1_339' title='bbox 1172 2910 1184 2928; x_wconf 78' lang='lat'>4</span> <span class='ocrx_word' id='word_1_340' title='bbox 1197 2910 1272 2940; x_wconf 91' lang='lat' dir='ltr'>MS.</span> <span class='ocrx_word' id='word_1_341' title='bbox 1291 2908 1546 2940; x_wconf 86' lang='lat' dir='ltr'>admiraciones.</span> 
     </span>
    </p>
   </div>
  </div>
 </body>
</html>
