2025 3175
239 190 441 231 INDEX
474 187 900 231 RUBRICARUM
935 187 1015 227 ET
1049 184 1513 228 CAPITULORUM
1599 183 1708 223 xxiii

207 357 292 407 (50)
329 356 526 410 Qualiter
548 355 656 396 RV.
680 353 886 407 effugavit
908 354 1115 394 demones

206 427 290 477 (51)
327 425 396 466 De
416 424 571 465 clerico
593 423 754 464 lubrico
776 422 852 463 sed
883 422 1055 475 Virgini
1082 422 1253 469 devoto,
1270 425 1313 460 et
1343 420 1398 460 de
1423 417 1562 459 rotulo

444 498 715 547 peccatorum

197 563 285 614 (52)
321 563 390 603 De
412 561 624 603 monacho
645 559 806 601 lubrico
827 558 1050 600 submerso

198 633 236 682 (5
245 634 283 684 3)
321 632 390 672 De
411 644 599 685 paupere
622 630 695 684 qui
726 629 848 670 dedit
868 629 1013 670 omnia
1033 627 1146 669 bona
1174 640 1251 668 sua
1271 627 1314 667 in
1345 627 1556 667 honorem

438 700 485 740 B.
488 699 545 741 V
551 698 646 741 M..
811 725 858 739 ..โถ

201 770 287 820 (54)
324 769 393 809 De
414 767 630 809 abbatissa
651 731 924 821 impregnata

201 839 286 889 (55)
323 837 394 878 De
416 836 628 878 monacho
648 849 778 889 quem
800 835 990 876 latrones
1011 833 1235 874 voluerunt
1256 796 1440 886 spoliare

320 907 388 947 De
407 905 601 959 Angelzk.

196 976 282 1026 (56)
319 974 517 1028 Qualiter
555 973 687 1016 abbas
729 973 907 1026 Moyses
947 970 1299 1025 impregnabatur
1342 983 1367 1010 a
1406 969 1557 1023 spiritu

434 1044 726 1085 fornicationis

194 1115 281 1165 (57)
318 1114 388 1154 De
410 1112 567 1154 abbate
589 1113 814 1154 Machario
836 1118 880 1153 et
903 1075 1068 1153 duobus
1091 1110 1324 1165 peregrinis

194 1184 281 1234 (58)
317 1181 507 1235 Quidam
530 1196 667 1222 senex
688 1182 795 1222 vidit
816 1181 1023 1222 demones
1040 1180 1159 1234 quasi
1181 1193 1286 1232 apes

315 1252 383 1293 De
406 1252 564 1293 Sancto
585 1250 741 1292 Iacobo.

192 1323 279 1375 (59)
316 1321 384 1362 De
405 1321 633 1375 peregrino
654 1321 840 1373 decepto
860 1319 932 1373 qui
955 1332 1000 1359 se
1021 1318 1231 1373 iugulavit

192 1391 277 1442 (60)
315 1391 384 1431 De
406 1396 546 1432 morte
567 1389 709 1432 Caroli
732 1388 888 1443 Magni

447 1575 575 1616 PARS
611 1574 806 1615 IL-DE
837 1573 1005 1614 REssth
1041 1573 1408 1613 INFERIORIBUS.

309 1692 377 1732 De
396 1691 567 1731 accidia.

186 1762 273 1811 (61)
310 1761 380 1801 De
401 1773 530 1813 opere
551 1766 594 1801 et
613 1760 811 1800 oratione

186 1829 271 1881 (62)
309 1830 377 1870 De
397 1829 529 1869 vidua
550 1829 665 1882 apud
688 1827 934 1870 Caritohele

183 1899 270 1951 (63)
307 1899 376 1939 De
398 1898 612 1939 monacho
634 1898 707 1952 qui
728 1898 773 1938 in
795 1898 989 1939 oratione
1007 1910 1181 1938 manere
1197 1910 1285 1937 non
1303 1900 1472 1950 poterat

183 1967 269 2019 (64)
306 1967 575 2021 Exemplum
600 1966 813 2008 Machetis
836 1968 890 2008 de
912 1967 1054 2008 verbis
1077 1967 1224 2008 otiosis

302 2037 372 2078 De
390 2037 616 2078 advocatis.

180 2107 266 2158 (65)
302 2107 371 2148 De
393 2106 620 2160 Stephano
640 2113 807 2147 rectore
827 2106 1031 2147 ecclesiae
1052 2106 1106 2146 de
1128 2104 1362 2147 Caldecote

179 2176 265 2226 (66)
301 2177 369 2216 De
390 2176 542 2217 clerico
564 2175 891 2229 Grantebrigiae
911 2176 984 2228 qui
1006 2175 1122 2227 leges
1141 2174 1304 2215 audivit

178 2244 265 2296 (67)
302 2245 371 2285 De
394 2245 605 2298 Magistro
626 2244 848 2286 Willelmo
870 2245 1012 2285 Bodin

177 2313 262 2363 (68)
300 2312 368 2353 De
389 2313 496 2353 mira
516 2327 628 2367 pena
649 2326 734 2367 qua
763 2312 980 2353 Dominus
1001 2311 1110 2353 solet
1132 2311 1283 2365 punire
1305 2276 1538 2351 advocatos

177 2381 262 2432 (69)
299 2381 368 2421 De
389 2382 633 2422 advocato
622 2395 665 2422 m
688 2382 893 2422 extremis
914 2381 1138 2422 laborante

175 2453 260 2501 (70)
297 2451 366 2491 De
388 2451 601 2492 advocato
622 2457 797 2504 petente
818 2451 1073 2492 dilationem

174 2521 259 2570 (71)
296 2518 491 2572 Qualiter
521 2520 720 2561 advocati
743 2519 846 2560 mali
878 2519 1168 2560 balneantur
1157 2532 1200 2559 1n
1232 2532 1335 2559 auro
1355 2517 1536 2558 ferventi

295 2589 363 2628 De
383 2603 484 2629 avar
486 2589 588 2630 z'cza.

173 2660 257 2709 (72)
295 2658 364 2699 De
386 2664 522 2699 morte
546 2658 745 2700 Crisaurii
767 2658 912 2699 divitis

171 2725 256 2775 (73)
294 2724 363 2764 De
384 2723 537 2764 eodem
560 2723 767 2777 exemplo

169 2794 254 2843 (74)
292 2793 359 2832 De
380 2792 570 2845 quodam
592 2793 790 2833 ortolano

169 2862 253 2911 (75)
290 2861 359 2901 De
381 2865 520 2901 morte
542 2859 765 2901 cuiusdam
786 2860 931 2901 divitis

1625 302 1705 325 PAG.

1654 358 1707 401 30

1654 497 1700 539 31

1646 565 1697 607 32

1648 703 1699 745 32

1650 772 1701 814 32

1651 840 1700 883 33

1648 1049 1698 1092 33

1647 1119 1697 1161 33

1647 1189 1701 1230 34

1645 1327 1699 1369 34

1645 1386 1697 1438 36

1640 1764 1692 1808 37

1635 1906 1687 1948 39

1631 1975 1687 2015 40

1629 2115 1685 2155 40

1629 2184 1678 2223 41

1628 2253 1679 2292 41

1627 2321 1681 2361 42

1627 2390 1680 2430 42

1625 2460 1679 2499 42

1611 2528 1677 2577 ยน43

1623 2667 1677 2707 43

1622 2732 1678 2772 44

1621 2801 1677 2840 44

1618 2870 1674 2912 45
