2052 3278
573 197 658 238 DE
691 198 1142 240 CONCEPTIONE
1176 199 1343 240 RVM.
1672 212 1722 253 19

659 347 745 400 [De
777 347 1005 389 nativitate
1034 349 1087 389 B.
1105 349 1146 389 V
1145 348 1249 401 .M.]

276 437 365 489 (30)
401 439 466 478 De
497 437 725 478 nativitate
761 439 911 478 matris
945 439 1234 480 misericordie
1266 440 1369 480 dicit
1403 439 1645 480 Ieronimus
1681 440 1724 480 in
1739 447 1921 481 S.Hieron.

188 507 375 558 quadam
397 506 578 559 epistola
598 506 757 546 scilicet
783 507 897 560 quod
923 508 1099 560 angelus
1119 509 1233 549 venit
1257 509 1312 549 ad
1338 508 1528 549 Ioachim
1559 515 1723 561 patrem
1738 491 1925 574 &gaselssi's-t.

190 574 328 616 Marie
349 580 392 616 et
416 576 592 616 Annam
615 582 797 616 matrem
819 575 1021 627 eiusdem,
1043 579 1218 631 quando
1239 578 1310 618 illa
1332 578 1412 619 fuit
1437 583 1696 632 conceptura
1715 594 1722 618 :
1739 576 1780 650 {Ae
1800 577 1878 626 Nat.
1901 579 1935 610 S.

187 644 259 696 qui
276 645 336 684 ait
351 644 406 684 ad
432 645 623 685 Ioachim
641 660 648 685 :
682 645 837 685 ‘Anna
860 659 969 686 uxor
989 651 1061 686 tua
1083 646 1219 699 pariet
1240 647 1316 688 tibi
1334 647 1476 696 filiam,
1493 654 1537 687 et
1551 647 1726 689 vocabis
1739 630 1936 705 (Ρῗῗεκκκ,

188 725 348 753 nomen
365 713 455 754 eius
470 713 666 762 Mariam,
684 727 767 766 que
781 714 973 754 Domino
989 714 1069 755 erit
1085 722 1344 764 consecrata,
1358 722 1400 756 et
1415 716 1563 769 spiritu
1579 722 1726 757 sancto
1739 707 1801 738 ⁰⁰¹·
1819 716 1893 747 299-

187 795 244 821 ex
265 788 386 822 utero
407 783 556 823 matris
576 796 650 823 sue
676 783 850 835 repleta,
875 797 957 836 que
982 785 1120 837 ipsum
1146 785 1368 837 generabit
1391 785 1465 837 qui
1490 786 1724 826 secundum
1805 775 1811 782 ⁵

186 864 343 891 nomen
360 864 484 891 suum
500 851 579 891 erit
595 852 780 892 salvator
796 854 988 892 omnium
1004 853 1201 905 gencium
1214 853 1235 894 ¹.
1297 854 1369 894 Ad
1388 854 1563 894 Annam
1580 860 1723 895 autem

187 919 321 960 dixit:
354 920 590 960 ‘Nascetur
625 934 682 961 ex
713 926 758 960 te
788 921 873 961 filia
909 935 992 974 que
1031 922 1171 962 Maria
1201 923 1281 962 erit
1316 928 1478 972 vocata,
1516 936 1598 975 que
1634 924 1725 963 sine

185 990 475 1041 corrupcione,
496 990 616 1041 virgo
632 987 776 1040 filium,
793 989 952 1030 famula
969 990 1206 1031 Dominum
1223 1004 1335 1031 nova
1349 992 1487 1044 gratia
1501 992 1724 1045 generabit

183 1057 360 1098 nomine
381 1064 425 1098 et
443 1071 572 1110 opere
593 1057 847 1098 salvatorem
861 1059 880 1100 ’.
943 1058 1041 1098 Hoc
1062 1059 1132 1100 ibi.

275 1130 363 1178 (31)
398 1126 439 1166 N
443 1141 523 1167 unc
544 1132 688 1167 autem
711 1128 899 1180 quedam
922 1133 1147 1168 occurrunt
1168 1129 1371 1181 exempla
1391 1129 1524 1183 digna
1549 1130 1723 1182 quidem
1738 1137 1776 1166 In
1796 1137 1868 1168 Ser-

186 1197 395 1236 memoria
451 1202 495 1236 et
549 1197 788 1236 devocione
838 1197 1149 1250 amplectanda
1194 1210 1278 1251 que
1325 1204 1498 1251 parturn
1554 1199 1723 1239 celestis
1736 1181 1923 1255 {¹53}ss-

185 1277 394 1317 puerpere
444 1264 556 1304 dulci
608 1265 809 1318 presagio
863 1265 1187 1318 presignabant.
1271 1265 1492 1318 Quoniam
1546 1268 1721 1320 quidem
1736 1277 1822 1298 acre.

186 1331 380 1373 Christus
401 1338 527 1373 natus
547 1338 613 1373 est
634 1346 722 1373 non
744 1332 884 1374 solum
907 1339 1084 1387 propter
1108 1334 1263 1374 Iudeos
1285 1348 1430 1375 verum
1452 1336 1583 1375 etiam
1606 1341 1652 1376 ut
1679 1337 1721 1376 in

184 1403 280 1454 ipso
295 1402 646 1443 benedicerentur
662 1415 813 1442 omnes
830 1409 992 1455 gentes,
1011 1405 1120 1443 sicut
1141 1403 1348 1444 Habrahe
1366 1405 1563 1457 promisit
1580 1405 1698 1445 Deus
1714 1421 1720 1446 :
1737 1408 1822 1438 Gen.
1841 1407 1917 1445 xxii,

184 1470 339 1511 idcirco
355 1484 443 1511 non
460 1472 809 1512 inconvenienter
824 1485 909 1512 non
927 1472 1064 1512 solum
1082 1472 1307 1526 prophetis
1322 1473 1479 1514 sanctis
1496 1474 1549 1514 de
1567 1474 1722 1527 populo
1738 1452 1786 1482 18.

187 1540 285 1590 Dei,
323 1553 469 1581 verum
505 1541 635 1580 etiam
679 1546 722 1580 et
752 1541 853 1581 viris
887 1542 1046 1581 sanctis
1077 1548 1119 1581 et
1156 1542 1400 1583 mulieribus
1431 1544 1485 1583 de
1520 1544 1722 1596 gentibus

182 1609 431 1658 infidelium,
466 1611 666 1650 nativitas
699 1598 856 1651 Christi
893 1611 947 1650 de
975 1611 1154 1663 Virgine
1187 1611 1386 1651 nascituri
1422 1612 1606 1653 revelata
1643 1619 1719 1655 est.

186 1678 312 1719 Unus
332 1679 541 1732 siquidem
570 1679 851 1735 philosophus
875 1681 1068 1733 quamvis
1099 1680 1340 1720 incredulus
1369 1681 1429 1721 ita
1459 1682 1639 1734 precivit
1669 1683 1723 1722 de

184 1747 283 1800 [sol.
317 1747 415 1800 32b]
450 1753 573 1800 partu
603 1748 770 1788 celestis
801 1762 1032 1802 puerpere:
1069 1749 1147 1789 ‘In
1184 1749 1384 1802 Virginis,
1414 1751 1563 1803 inquit,
1601 1752 1722 1805 signo

182 1823 382 1857 nascetur
402 1818 523 1870 virgo
540 1832 548 1866 ;
584 1816 761 1857 lactabit
783 1818 930 1867 filium,
949 1832 1032 1871 que
1053 1831 1141 1858 non
1158 1820 1362 1871 cognovit
1378 1819 1514 1860 virum
1529 1819 1551 1861 ’.
1606 1820 1723 1862 Sane

182 1887 299 1939 quod
331 1886 465 1926 dixit:
498 1886 563 1926 ‘in
599 1886 792 1939 Virginis
828 1886 973 1940 signo‚’
1010 1887 1090 1927 hoc
1126 1888 1280 1928 idcirco
1313 1889 1427 1929 dixit
1458 1890 1558 1942 quia
1593 1889 1721 1930 beata

183 1955 321 2009 Virgo
342 1961 444 1996 nata
465 1961 531 1996 est
553 1956 595 1995 in
622 1962 872 2009 autumpno,
898 1957 1072 2009 quando
1104 1958 1166 1997 sol
1197 1963 1262 1997 est
1293 1959 1336 1998 in
1367 1959 1491 2011 signo
1511 1959 1719 2012 Virginis,

182 2024 262 2065 hoc
283 2031 350 2065 est
370 2026 413 2064 in
435 2024 507 2065 illo
529 2038 677 2066 mense
703 2032 805 2065 nata
834 2032 900 2066 est
927 2026 1101 2079 quando
1128 2027 1190 2066 sol
1221 2032 1286 2067 est
1317 2026 1359 2067 in
1390 2028 1461 2068 illa
1493 2035 1612 2082 parte
1642 2028 1719 2069 celi

183 2107 265 2146 que
285 2100 462 2134 vocatur
482 2094 631 2148 Virgo.
695 2095 794 2135 Hoc
810 2095 987 2136 verbum
1004 2096 1142 2135 inveni
1158 2109 1239 2148 ego
1256 2097 1298 2135 in
1315 2110 1516 2138 sermone
1531 2099 1717 2150 quodam

181 2164 343 2203 tradito
368 2177 393 2203 a
416 2163 528 2203 bone
555 2165 760 2204 memorie
792 2164 921 2204 fratre
953 2164 1141 2221 Ricardo
1172 2166 1226 2204 de
1258 2166 1480 2219 Fyssakre‚
1513 2168 1721 2221 magistro

183 2231 377 2272 maximo
417 2233 470 2272 de
511 2232 660 2273 ordine
701 2233 880 2273 fratrum
922 2234 1250 2286 predicatorum,
1300 2236 1370 2287 qui
1413 2235 1494 2276 hoc
1533 2250 1620 2277 non
1662 2237 1719 2277 ibi

181 2302 404 2353 posuisset,
425 2302 506 2341 nisi
529 2301 833 2355 philosophum
856 2303 973 2342 illum
995 2302 1181 2356 legisset.
1246 2302 1360 2344 Nam
1376 2304 1548 2345 clericus
1564 2318 1719 2358 magne

181 2369 449 2423 philosophie
470 2370 560 2421 fuit,
577 2371 690 2410 unde
707 2378 751 2411 et
767 2384 926 2411 nomen
945 2371 1188 2425 philosophi
1209 2373 1365 2425 posuit,
1381 2374 1457 2413 sed
1471 2389 1496 2414 a
1513 2376 1719 2415 memoria

181 2452 276 2479 mea
298 2440 384 2478 iam
405 2440 585 2481 recessit.

642 2564 727 2618 [De
757 2566 1008 2618 conceptione
1037 2566 1086 2606 B.
1106 2566 1147 2607 V
1145 2567 1245 2620 M]

267 2656 356 2709 (32)
392 2655 493 2695 Non
513 2662 578 2695 est
594 2662 737 2696 autem
754 2656 928 2696 silencio
944 2658 1276 2710 pretereundum
1293 2659 1510 2711 quoddam
1529 2661 1718 2702 incidens
1734 2673 1819 2704 H.S.
1838 2673 1873 2704 in

180 2725 223 2764 in
245 2724 481 2766 Scolastica
509 2724 732 2777 Hystoria,
759 2724 958 2766 videlicet
984 2726 1098 2778 quod
1130 2726 1314 2766 Romani
1343 2728 1384 2767 in
1413 2742 1582 2769 summa
1612 2744 1717 2783 pace
1732 2716 1882 2801 ξέΞΠΞἿ

179 2794 403 2834 constituti
436 2793 671 2846 querebant
700 2792 755 2833 ab
784 2793 1032 2847 Appollone
1060 2795 1265 2847 quamdiu
1294 2809 1382 2848 pax
1414 2797 1485 2837 illa
1516 2799 1717 2840 duratura

179 2868 315 2912 esset;
349 2868 603 2915 acceperunt
621 2863 766 2915 itaque
782 2875 1045 2915 responsum,
1063 2864 1198 2904 donec
1221 2864 1338 2917 virgo
1359 2873 1538 2918 pareret,
1555 2873 1599 2908 et
1618 2875 1717 2921 post
