2052 3278
705 198 791 254 DE
824 214 1183 255 DILATIONE
1661 214 1713 265 63

182 330 371 372 ecclesie.
435 330 620 371 Clericus
662 330 743 369 iste
784 330 1002 383 quandam
1040 329 1227 370 habebat
1267 328 1552 369 concubinam
1589 341 1717 381 quam

182 413 257 452 per
279 400 441 453 aliquot
453 412 590 439 annos
606 403 817 439 tenuerat.
871 399 1023 440 Frater
1044 404 1188 438 autem
1209 399 1309 447 eius,
1329 397 1458 437 frater
1480 397 1721 449 predicator

182 475 458 516 memoratus,
498 467 738 519 frequenter
770 468 950 519 rogavit,
994 467 1212 520 instigavit
1254 471 1297 506 et
1333 464 1580 505 sollicitavit
1621 478 1720 505 eum

184 543 230 577 ut
267 537 488 577 mulierem
524 535 641 575 illam
683 535 934 582 dimitteret,
976 541 1020 575 et
1054 535 1109 575 de
1140 540 1318 588 peccato
1361 547 1437 574 suo
1472 534 1571 574 Deo
1602 534 1721 586 peni-

183 607 370 646 tenciam
395 604 582 646 offerret.
646 602 731 644 Sed
754 616 842 656 non
863 604 1026 643 audivit
1057 617 1168 643 eum.
1229 601 1428 643 Tandem
1459 603 1635 642 veniens
1667 602 1721 650 ad

184 675 362 715 domum
404 675 505 722 eius,
539 672 652 713 idem
688 671 823 712 frater
859 672 976 711 dixit
1012 672 1072 711 ei:
1107 671 1251 714 ‘Scias
1284 672 1327 711 in
1364 672 1557 720 veritate,
1591 670 1722 711 frater

184 743 419 793 karissime,
460 742 575 796 quod
611 754 833 794 nunquam
876 740 930 781 de
979 747 1120 781 cetero
1170 741 1343 782 intrabo
1381 741 1559 781 domurn
1602 747 1723 781 tuam

185 812 394 866 quamdiu
429 811 618 853 tenueris
656 810 878 850 mulierem
896 809 1014 850 illam
1030 809 1048 852 '.
1109 809 1182 849 Ad
1215 811 1328 862 quod
1351 810 1526 850 verbum
1548 809 1724 850 clericus

185 883 361 935 quidem
385 883 428 921 in
450 886 622 922 tantum
642 885 783 920 motus
804 885 870 919 est
891 878 1005 932 quod
1027 878 1251 931 respondit
1272 879 1310 918 ei
1336 879 1503 919 dicens:
1535 879 1724 932 ‘Frater,

186 965 269 1005 ego
306 952 516 1005 promitto
551 949 628 990 tibi
666 949 850 989 fideliter
880 948 997 1001 quod
1035 954 1138 988 ante
1172 948 1288 987 diem
1335 947 1456 988 illum
1502 948 1724 988 dimittam

188 1020 297 1074 [fob
333 1020 436 1074 6251]
470 1018 612 1069 eam’;
644 1024 688 1059 et
711 1018 828 1058 diem
851 1018 1104 1060 nominavit.
1170 1018 1264 1057 Iam
1296 1016 1426 1057 frater
1447 1018 1535 1057 eius
1556 1017 1650 1070 plus
1671 1017 1726 1058 ab

186 1103 239 1130 eo
273 1089 433 1130 habere
461 1101 549 1128 non
586 1088 737 1141 potuit.
803 1087 963 1127 Iterum
985 1087 1169 1140 contigit
1201 1087 1315 1139 quod
1346 1086 1460 1126 idem
1483 1086 1659 1127 clericus
1682 1087 1724 1126 in

185 1159 377 1212 quodam
400 1164 513 1198 esset
534 1157 733 1198 convivio
752 1169 848 1197 cum
871 1157 1020 1196 amicis
1042 1156 1140 1204 suis,
1155 1155 1352 1195 videlicet
1373 1161 1473 1195 ante
1493 1156 1724 1196 terminum

188 1227 413 1281 prefixum.
476 1226 567 1280 Qui
601 1238 698 1266 cum
734 1225 906 1266 sederet
939 1238 1035 1266 cum
1071 1224 1154 1265 illis
1190 1224 1396 1265 iocundus
1428 1231 1472 1265 et
1504 1224 1650 1265 hilaris
1681 1231 1725 1265 et

187 1298 397 1350 inciperet
438 1295 724 1344 commedere,
755 1308 899 1335 versus
941 1300 1005 1335 est
1039 1307 1234 1347 perverse
1275 1293 1497 1334 morsellus
1536 1307 1640 1334 unus
1682 1295 1724 1334 in

188 1371 358 1420 gutture
390 1379 465 1406 suo
497 1371 541 1405 et
572 1363 853 1418 strangulavit
887 1378 995 1413 eum,
1018 1369 1060 1404 et
1093 1363 1328 1416 exspiravit
1356 1364 1482 1403 miser
1512 1363 1654 1403 subito
1684 1365 1726 1403 in

191 1434 334 1475 medio
374 1435 582 1484 omnium,
622 1439 665 1474 et
706 1432 865 1487 recepit
905 1433 1107 1473 iudicium
1148 1446 1270 1472 suum
1312 1433 1354 1472 in
1395 1432 1495 1486 igne
1533 1431 1726 1473 infernali

189 1507 418 1554 antequam
460 1500 624 1541 veniret
664 1500 755 1541 dies
795 1514 925 1553 quam
968 1499 1198 1553 prefixerat
1232 1499 1287 1539 ad
1320 1505 1540 1552 peccatum
1577 1499 1726 1539 suuml

191 1569 506 1611 dimittendum.
554 1568 746 1622 Explicit
761 1567 1218 1621 exemplum—Istam
1241 1567 1527 1607 narrationem
1543 1569 1729 1608 narravit

192 1638 321 1679 michi
344 1638 472 1678 frater
494 1637 707 1678 Robertus
731 1637 786 1677 de
812 1636 1039 1689 Sudeseye,
1062 1635 1118 1676 de
1148 1636 1295 1675 ordine
1326 1635 1504 1676 fratrum
1538 1637 1727 1688 predica-

189 1713 341 1756 torum,
364 1707 494 1747 frater
512 1706 656 1759 utique
675 1711 842 1746 sanctus
862 1710 906 1745 et
937 1719 1013 1758 per
1032 1705 1178 1745 omnia
1209 1704 1293 1744 fide
1315 1704 1481 1757 dignus,
1503 1705 1573 1757 qui
1595 1706 1725 1745 etiam

191 1778 326 1817 socius
347 1775 427 1817 suit
450 1776 589 1816 fratris
611 1775 890 1828 predicatoris
911 1774 1149 1822 memorati,
1171 1773 1379 1823 videlicet,
1404 1774 1598 1827 germani
1620 1774 1727 1815 illius

190 1845 325 1885 clerici
347 1845 427 1885 de2
459 1844 719 1885 Londonum
740 1858 873 1897 usque
893 1844 947 1884 ad
970 1844 1145 1884 domum
1167 1842 1274 1883 illius
1295 1842 1403 1882 bene
1426 1855 1500 1895 per
1520 1843 1727 1896 quinqua-

191 1914 311 1968 ginta
332 1914 479 1963 leucas,
501 1927 630 1967 quam
664 1915 747 1954 cito
781 1912 911 1953 frater
940 1911 1010 1953 ille
1042 1912 1232 1953 audierat
1260 1912 1314 1952 de
1337 1916 1476 1952 morte
1498 1911 1728 1952 miserabili

191 1984 330 2024 fratris
351 1984 426 2025 sui.

278 2053 399 2106 (ΙΙΙ)
433 2050 700 2106 Exemplum
729 2052 908 2092 tercium
940 2064 1028 2091 non
1057 2051 1199 2091 minus
1228 2049 1441 2090 terribile3
1468 2056 1512 2091 et
1539 2049 1727 2091 notabile
1742 2060 1879 2109 Egedae

190 2121 340 2162 ceteris
363 2123 405 2161 in
427 2121 537 2162 libro
559 2121 677 2162 Bede
705 2121 759 2161 de
783 2121 913 2174 gestis
937 2120 1181 2173 Anglorum
1211 2121 1393 2173 reperies
1418 2119 1490 2160 ubi
1516 2125 1657 2160 narrat
1685 2121 1728 2160 in
1741 2104 1938 2186 ἓξὲΕπῙ·

193 2191 303 2231 hunc
339 2191 527 2232 modum.
591 2190 783 2243 Quidam
820 2204 898 2230 rex
934 2202 1116 2243 magnus
1152 2195 1243 2229 erat
1280 2190 1323 2229 in
1361 2188 1522 2243 Anglia
1556 2190 1730 2230 nomine

196 2260 419 2302 Conredus
449 2261 514 2300 vir
543 2260 677 2300 iustus
708 2266 752 2300 et
785 2264 922 2299 rectus
953 2272 1002 2298 ac
1035 2259 1193 2298 timens
1226 2259 1368 2298 Deum
1399 2264 1443 2299 et
1475 2258 1673 2298 recedens
1704 2272 1729 2298 a

195 2329 316 2369 malo.
379 2328 478 2369 Rex
514 2330 594 2369 iste
630 2328 722 2382 pius
759 2329 1015 2368 servientem
1048 2329 1265 2380 quendam
1299 2340 1441 2368 secum
1475 2326 1624 2367 habuit
1657 2329 1730 2380 qui

193 2398 370 2439 domino
405 2411 481 2438 suo
515 2397 652 2438 fidelis
687 2403 778 2437 erat
815 2403 858 2438 et
894 2397 1054 2437 utiliter
1094 2396 1132 2436 ei
1173 2396 1394 2444 serviebat,
1430 2401 1493 2436 set
1527 2395 1608 2436 sibi
1650 2396 1729 2449 ipsi

194 2467 355 2507 inutilis
376 2465 553 2507 omnino
574 2472 674 2507 erat.
740 2467 846 2507 Erat
867 2473 1012 2507 autem
1035 2466 1169 2507 miles.
1232 2466 1333 2506 Rex
1353 2470 1496 2505 autem
1521 2470 1730 2518 tanquam

193 2535 256 2576 vir
291 2537 384 2589 pius
418 2542 461 2576 et
497 2536 733 2576 catholicus
768 2536 1051 2576 miserabatur
1083 2535 1231 2576 militis
1264 2536 1328 2576 sui
1360 2535 1587 2584 miseriam,
1619 2535 1734 2575 unde

194 2605 444 2658 frequenter
477 2617 576 2644 eum
612 2606 778 2645 monuit
813 2611 860 2645 ut
895 2606 949 2645 ad
986 2605 1276 2658 penitenciam
1310 2618 1356 2645 se
1388 2610 1656 2644 converteret
1688 2611 1732 2644 et

193 2673 444 2727 iniquitates
469 2687 565 2714 suas
586 2674 812 2715 desereret.
876 2674 974 2727 Ipse
995 2687 1139 2728 regern
1162 2673 1343 2714 libenter
1364 2674 1538 2722 audivit,
1557 2678 1599 2712 et
1621 2673 1734 2714 bona

196 2744 402 2797 promisit.
465 2742 542 2784 Set
582 2749 726 2783 tamen
766 2742 896 2783 nichil
936 2743 1046 2784 fecit.
1116 2742 1188 2783 Sic
1228 2755 1332 2795 ergo
1373 2742 1501 2782 miser
1542 2742 1652 2782 vixit
1691 2749 1733 2784 et

420 2852 431 2871 1
444 2852 519 2883 MS.
537 2852 659 2884 inserts
675 2852 727 2884 ad.
1043 2853 1055 2872 2
1080 2852 1259 2893 Evidently
1274 2853 1397 2884 lacuna
1413 2852 1504 2884 here.

420 2895 432 2914 3
444 2896 519 2927 MS.
537 2896 666 2927 c'uibl’e
684 2895 854 2936 (credibile
869 2896 909 2938 ?).
