2052 3278
300 243 353 282 26
724 239 913 280 LIBER
947 239 1400 281 EXEMPLORUM

295 357 478 410 amplius
510 356 652 397 meriti
684 355 842 404 habui,1
879 355 960 394 nisi
993 355 1109 408 quod
1150 356 1192 395 in
1223 355 1411 405 ecclesia,
1447 353 1619 408 quando
1650 351 1840 393 diximus

298 426 487 467 officium
510 426 634 466 beate
655 425 863 478 VirginiS,
889 423 1010 464 vobis
1033 430 1076 464 et
1100 424 1191 464 aliis
1212 423 1374 464 clericis
1410 422 1669 469 sedentibus,
1690 434 1772 474 ego
1795 422 1838 461 in

297 495 505 535 honorem
528 493 710 546 gloriose
733 492 921 545 Virginis
944 499 1060 533 stare
1081 492 1408 533 consueveram.’
1481 492 1576 531 Hec
1598 490 1744 530 omnia
1765 502 1840 542 per

295 565 494 604 ordinem
516 563 703 602 narravit
724 561 965 602 Willelmus
996 568 1273 612 memoratus,
1309 568 1432 615 pater
1462 560 1602 600 clerici
1636 558 1840 608 defuncti,

296 634 429 686 priori
446 633 620 673 nomine
636 631 828 673 Roberto
845 638 1085 685 pretaxato.
1138 630 1178 672 O
1196 645 1326 684 quam
1342 630 1593 684 precordiali
1607 629 1840 669 devocione

295 702 501 754 obsequio
522 707 565 742 et
585 700 747 740 honore
772 702 919 754 regina
940 699 1009 740 illa
1030 700 1276 740 veneranda
1297 706 1374 749 est,
1400 713 1484 752 que
1507 705 1598 739 tam
1620 696 1839 738 modicum

298 771 550 823 obsequium
572 770 776 824 dignatur
796 771 1009 823 respicere
1031 776 1074 810 et
1101 769 1413 822 obsequentem
1442 768 1498 808 ab
1526 774 1673 808 eterne
1693 767 1841 807 mortis

299 841 472 880 interitu
494 840 656 892 eripere
679 853 727 879 ac
749 839 804 879 ad
827 838 1134 879 inaccessibilia
1154 839 1289 892 glorie
1312 851 1446 891 regna
1466 850 1728 891 promovere.

389 909 479 960 (44)
511 908 643 949 Aliud
680 910 811 948 etiam
846 908 1096 961 exemplum
1128 907 1266 948 recolo
1307 907 1620 960 benignitatem
1662 904 1845 958 gloriose

301 979 491 1019 Domine
514 984 657 1019 nostre
678 979 899 1032 insigniter
918 978 1239 1027 commendans,
1260 977 1375 1031 quod
1399 983 1442 1018 et
1462 976 1620 1017 nostris
1651 975 1846 1016 similiter

296 1047 454 1088 accidit
469 1047 743 1101 temporibus,
795 1046 983 1100 Quando
999 1061 1078 1087 rex
1096 1046 1294 1096 Castelle,
1310 1048 1506 1100 princeps
1528 1045 1596 1086 ille
1611 1044 1846 1085 catholicus

299 1123 341 1158 et
374 1116 578 1167 famosus,
614 1117 783 1158 obsedit
825 1116 1036 1165 sibillam,
1069 1117 1285 1157 civitatem
1316 1116 1529 1157 famosam
1562 1115 1680 1156 illam
1714 1127 1845 1168 quam

301 1188 432 1227 etiam
466 1187 643 1227 tandem
676 1187 804 1239 cepit,
839 1199 926 1226 non
960 1187 1051 1226 sine
1084 1199 1246 1239 magno
1278 1186 1525 1226 discrimine
1558 1191 1601 1226 et
1632 1183 1849 1225 laboribus

301 1256 640 1309 quamplurimis,
674 1257 766 1296 vice
790 1256 977 1309 quadam
1009 1261 1347 1309 congregaverat
1367 1255 1601 1296 exercitum
1623 1254 1845 1308 copiosum

302 1332 345 1366 et
366 1326 502 1366 movit
531 1331 671 1365 castra
705 1338 850 1365 versus
875 1325 1098 1364 civitatem
1132 1324 1237 1377 [fol.
1256 1324 1354 1378 37b]
1377 1329 1672 1365 memoratam.
1736 1323 1846 1365 Cum

300 1408 401 1435 vero
421 1395 816 1448 appropinquarent
837 1394 1011 1443 civitati,
1026 1394 1232 1446 requievit
1254 1394 1469 1434 exercitus
1485 1395 1528 1433 in
1542 1392 1639 1434 loco
1657 1393 1848 1447 quodam

303 1476 379 1515 per
400 1464 587 1504 triduum
609 1469 655 1503 ut
677 1476 721 1502 se
739 1475 892 1503 omnes
914 1468 1206 1515 prepararent,
1225 1468 1270 1502 et
1292 1462 1374 1503 sibi
1391 1468 1482 1502 tam
1500 1461 1543 1501 in
1560 1461 1848 1515 spiritualibus

302 1546 433 1585 quam
467 1533 509 1572 in
545 1531 837 1584 corporalibus
874 1531 1162 1585 providerent.
1227 1530 1365 1571 Erant
1398 1537 1547 1571 autem
1579 1532 1620 1571 in
1652 1531 1847 1571 exercitu

303 1601 498 1642 nonnulli
521 1601 765 1641 sacerdotes
787 1607 962 1654 propter
990 1601 1284 1641 confessiones
1317 1601 1464 1654 populi
1495 1600 1719 1641 audientes
1744 1601 1850 1652 (sic),

304 1671 414 1711 inter
431 1684 540 1723 quos
562 1678 654 1711 erat
676 1671 853 1724 quidam
873 1670 1096 1724 religiosus
1118 1671 1188 1723 qui
1206 1676 1358 1724 postea
1376 1670 1508 1711 frater
1529 1670 1663 1711 nostri
1685 1670 1851 1711 ordinis

302 1747 397 1780 erat
438 1746 481 1780 et
522 1740 564 1779 in
596 1741 819 1793 provincia
859 1740 1101 1793 Arroganie
1133 1739 1392 1782 morabatur.
1458 1739 1574 1780 Sane
1605 1739 1741 1780 frater
1772 1739 1853 1780 iste

306 1810 484 1850 veniens
506 1811 597 1851 vice
611 1811 812 1862 quadarn,
830 1816 1007 1863 propter
1029 1809 1215 1862 quedam
1237 1811 1425 1863 negotia,
1446 1810 1644 1857 Parisius,
1660 1811 1703 1850 in
1721 1809 1853 1850 domo

305 1878 486 1919 fratrum
521 1885 778 1928 nostrorum,
820 1892 964 1919 coram
1017 1879 1347 1932 quamplurimis
1394 1878 1596 1919 fratribus
1648 1885 1851 1919 eventum

300 1948 521 2001 quendam
564 1948 819 1997 mirabilem,
861 1948 980 1988 inmo
1020 1955 1064 1988 et
1105 1948 1354 1998 amabilem,
1397 1962 1526 2002 quem
1570 1949 1612 1989 in
1655 1949 1851 1989 exercitu

309 2025 553 2058 memorato
586 2024 676 2058 tam
698 2019 792 2058 visu
812 2031 944 2071 quam
967 2018 1116 2058 auditu
1136 2024 1318 2058 noverat
1341 2018 1421 2058 hoc
1453 2018 1604 2058 ordine
1625 2017 1854 2059 referebat.

308 2087 388 2127 Ait
409 2088 523 2128 enim
546 2087 663 2140 quod
686 2100 782 2127 cum
806 2093 921 2128 esset
941 2088 983 2127 in
1005 2086 1172 2140 prefato
1193 2087 1389 2128 exercitu
1410 2087 1480 2127 ubi
1498 2101 1574 2140 per
1589 2087 1791 2136 triduum,
1809 2093 1856 2127 ut

305 2157 394 2197 iam
417 2158 579 2197 dictum
613 2163 690 2205 est,
714 2157 768 2197 ad
791 2156 1118 2197 deliberandum
1155 2157 1409 2209 quieverunt
1442 2156 1645 2197 omnibus
1677 2156 1855 2210 agendis

308 2226 469 2267 ibidem
504 2225 702 2279 peractis,
739 2227 978 2266 ascendunt
1010 2238 1162 2266 omnes
1196 2226 1364 2278 equites
1398 2232 1445 2266 ut
1478 2227 1608 2266 moris
1628 2232 1693 2267 est
1722 2239 1856 2279 equos

308 2309 417 2336 suos.
481 2295 540 2335 Et
570 2308 668 2336 ecce
701 2309 753 2336 eo
786 2309 883 2336 cum
906 2295 1001 2335 aliis
1022 2309 1180 2348 equum
1203 2295 1283 2336 sibi
1304 2295 1560 2348 deputatum
1594 2296 1769 2336 volente
1791 2309 1856 2336 as-

305 2365 502 2415 cendere,
533 2366 717 2405 accurrit
749 2378 858 2406 unus
879 2365 1039 2404 iuvenis
1068 2364 1294 2405 obsecrans
1326 2366 1466 2418 ipsum
1499 2371 1543 2405 et
1575 2364 1776 2406 adiurans
1808 2371 1856 2406 ut

309 2447 431 2474 suam
454 2433 600 2475 audiat
620 2433 944 2475 confessionem.
1008 2433 1094 2487 Qui
1117 2434 1338 2487 respondit
1360 2434 1398 2474 ei
1431 2434 1546 2487 quod
1577 2436 1679 2475 satis
1716 2435 1856 2488 potuit

309 2503 500 2544 confiteri
523 2517 599 2557 per
628 2503 818 2544 triduum
855 2504 940 2544 iam
977 2509 1242 2544 transactum
1274 2517 1353 2544 nec
1388 2516 1433 2544 se
1461 2518 1589 2557 posse
1611 2510 1712 2557 post
1733 2517 1856 2544 exer·

307 2573 443 2613 citum
472 2586 641 2613 moram
677 2572 857 2613 trahere.
923 2572 1063 2612 Instat
1096 2571 1203 2612 alius
1224 2572 1427 2613 adiurans
1450 2586 1535 2625 quo
1555 2573 1691 2613 arcius
1714 2573 1856 2626 potuit

313 2642 355 2681 in
378 2641 551 2692 mundo,
574 2647 621 2682 ut
642 2641 760 2682 nullo
791 2642 925 2682 modo
958 2642 1178 2681 omitteret
1211 2642 1313 2694 quin
1349 2655 1445 2682 eum
1483 2641 1663 2684 audiret.
1729 2641 1858 2694 Cogi-

308 2712 415 2751 tavit
437 2724 542 2765 ergo
562 2710 784 2765 religiosus
807 2711 900 2751 ille:
932 2714 941 2730 ‘
956 2710 1057 2751 Non
1093 2716 1239 2764 potest
1260 2725 1352 2752 esse
1388 2712 1504 2764 quod
1538 2712 1620 2753 iste
1645 2713 1705 2752 ita
1725 2711 1855 2752 instet

309 2780 406 2820 sine
440 2794 598 2831 causa;
632 2780 782 2821 melius
814 2787 880 2821 est
914 2782 956 2820 in
991 2781 1111 2821 omni
1136 2787 1293 2821 eventu
1326 2783 1440 2834 quod
1470 2781 1645 2822 audiam
1680 2782 1822 2834 ipsum
1837 2779 1855 2821 ⁷.

317 2850 377 2889 Et
397 2850 549 2890 sedens
571 2849 735 2890 audivit
772 2849 1089 2890 confessionem
1116 2863 1252 2900 suam,
1276 2856 1319 2891 et
1351 2852 1500 2904 utique
1531 2851 1640 2891 bene
1673 2850 1858 2904 indiguit

954 2939 964 2958 ¹
979 2939 1053 2970 MS.
1079 2939 1227 2970 humani.
