2052 3278
744 214 830 264 DE
863 222 1144 265 ANGELIS
1668 235 1718 276 33

173 340 350 380 tationis
389 338 682 380 confusionem
717 353 806 379 non
849 340 1064 380 modicam
1107 339 1326 381 abbatisse
1368 339 1635 392 promittens,
1687 340 1722 379 si

176 408 350 460 quidem
386 422 457 448 rea
492 407 898 460 deprehenderetur.
961 407 1091 460 Quod
1128 422 1222 448 cum
1262 408 1451 448 audisset
1488 406 1719 458 abbatissa,

172 490 320 517 coram
343 477 467 517 altari
490 475 617 516 beate
638 477 831 529 Virginis
857 474 902 517 se
931 478 1161 529 prostravit
1192 482 1234 517 et
1261 478 1350 517 eius
1383 466 1719 517 misericordiam

173 545 422 598 suppliciter
449 545 692 599 postulavit.
760 544 955 598 Cumque
981 558 1057 598 pre
1081 546 1216 586 nimia
1238 546 1414 586 tristicia
1442 559 1596 599 sopore
1627 559 1720 598 pre-

174 620 369 663 meretur,
397 615 630 655 adveniens
661 613 773 654 rivus
801 613 1048 672 indeficiens
1081 615 1368 655 misericordie
1399 628 1495 655 eam
1527 629 1552 655 a
1588 628 1719 668 puero

172 682 376 733 liberavit,
419 689 461 723 et
501 697 557 723 ex
600 689 722 736 parte
763 696 840 723 sua
881 697 1059 736 puerum
1096 697 1172 736 per
1204 684 1406 737 angelum
1441 684 1717 724 nutriendum

173 752 345 792 cuidam
377 753 585 793 heremite
621 753 859 792 transmisit
900 758 943 792 et
984 765 1080 792 eam
1122 751 1222 805 [sol.
1264 752 1363 806 41b]
1406 767 1431 793 a
1471 752 1718 794 confusione

174 827 399 874 procurata
431 827 474 861 et
504 820 715 874 promissa
745 821 950 862 liberavit.

264 892 350 942 (55)
385 890 517 930 Aliud
569 891 625 931 de
678 891 854 931 eisdem.
931 890 1152 930 Monacho
1204 891 1392 942 quodam
1444 904 1520 943 per
1564 891 1716 932 silvam

170 959 391 1012 quandam
423 965 673 999 transeunte
704 965 747 999 et
769 959 943 1000 beatam
966 958 1194 1012 Virginem
1216 959 1459 1009 salutante,1
1492 960 1718 1001 videbatur

170 1027 408 1069 latronibus
429 1027 673 1068 volentibus
695 1041 792 1068 eum
814 1028 997 1081 spoliare
1019 1028 1135 1081 quod
1164 1028 1247 1068 due
1273 1028 1412 1080 puelle
1437 1042 1534 1069 cum
1568 1042 1717 1069 manu-

170 1097 308 1149 tergio
345 1110 462 1137 rosas
494 1096 800 1150 pulcherrimas
834 1096 1100 1150 recipiebant
1130 1097 1185 1137 de
1215 1111 1290 1137 ore
1321 1097 1420 1138 eius.
1483 1096 1728 1150 Quomodo⁴

170 1178 272 1218 ergo
306 1164 418 1205 male
450 1171 682 1206 tractarent
717 1179 845 1219 quem
882 1165 970 1206 illi2
1005 1165 1150 1206 celesti
1185 1180 1281 1206 rose
1315 1167 1407 1206 sine
1439 1165 1560 1220 culpe
1593 1168 1716 1220 spina

169 1247 338 1287 semper
359 1235 556 1275 vernanti
581 1235 642 1275 ita
663 1233 917 1275 familiarem
943 1236 1259 1288 respexerunt?

788 1347 874 1401 [De
903 1348 1104 1402 angelzln]

259 1436 351 1489 (56)
384 1435 622 1489 Quomodo
654 1437 798 1491 angeli
829 1438 975 1477 iuvant
1004 1450 1082 1478 nos
1111 1438 1154 1478 in
1186 1439 1549 1491 temptacionibus
1572 1446 1900 1487 osten-V.P.,V1,

170 1505 280 1545 dunt
301 1505 503 1558 exempla
519 1506 706 1559 quedam
729 1507 772 1546 in
790 1506 916 1546 Vitas
942 1506 1121 1547 Patrum
1143 1512 1322 1560 reperta.
1389 1507 1441 1548 In
1462 1509 1576 1549 hunc
1597 1510 1712 1550 enim
1726 1492 1874 1577 &ig—‚3¹9²-

171 1574 351 1614 modum
383 1574 590 1627 scriptum
617 1574 675 1615 ibi
700 1576 945 1627 reperimus
1009 1575 1162 1616 Abbas
1194 1577 1376 1629 Moyses
1401 1577 1631 1630 aliquando
1653 1580 1712 1619 ita

170 1643 535 1700 impungnabatur
555 1657 581 1683 a
602 1644 752 1697 spiritu
774 1643 1074 1684 fornicacionis
1094 1651 1141 1685 ut
1166 1646 1208 1684 in
1229 1645 1337 1685 cella
1358 1659 1433 1687 sua
1455 1659 1542 1687 non
1565 1654 1713 1700 posset

169 1712 330 1762 sedere,
364 1718 430 1752 set
466 1712 572 1754 abiit
602 1714 656 1754 ad
693 1719 892 1753 sanctum
925 1713 1128 1754 abbatem
1160 1714 1427 1755 Ysidorum³
1458 1720 1502 1756 et
1532 1715 1643 1756 dixit
1675 1718 1713 1757 ei

168 1781 506 1834 temptacionem
527 1795 660 1823 suam.
722 1781 918 1835 Cumque
939 1783 1188 1823 consolatus
1219 1796 1296 1836 per
1317 1785 1549 1837 scripturas
1571 1798 1711 1826 sacras

169 1850 226 1890 ad
248 1851 401 1891 cellam
429 1864 551 1891 suam
585 1851 763 1904 Moyses
795 1852 934 1892 redire
964 1852 1182 1902 noluisset,
1205 1858 1308 1893 tunc
1329 1854 1541 1895 Ysidorus
1573 1854 1710 1896 abbas

167 1932 266 1960 cum
298 1920 457 1973 Moyse
482 1920 769 1961 ascenderunt
793 1921 884 1970 (sz'c)
909 1922 951 1960 in
984 1922 1206 1974 superiora
1236 1921 1386 1962 cellule
1416 1936 1500 1973 sue,
1523 1929 1566 1963 et
1597 1924 1711 1965 dixit

169 1990 209 2030 ei
241 1989 477 2030 Ysidorus:
513 1989 723 2042 ‘Respice
754 1989 809 2030 ad
843 1991 1110 2031 occidentem
1142 1997 1186 2032 et
1215 1992 1314 2032 vide
1327 1992 1344 2033 ’.
1407 1992 1604 2045 Cumque
1625 2007 1709 2034 res-

166 2059 338 2111 piceret,
373 2058 481 2098 vidit
519 2057 814 2099 multitudines
851 2059 1088 2100 demonum
1119 2061 1399 2101 vehementer
1433 2062 1708 2115 perturbatos

168 2132 212 2166 et
233 2127 357 2179 quasi
378 2127 433 2167 ad
465 2127 646 2180 prelium
678 2133 930 2180 preparatos
953 2128 1043 2180 (sz'c)
1068 2128 1282 2171 festinare.
1345 2130 1472 2171 Dixit
1502 2137 1648 2171 autem
1670 2133 1707 2171 ei

169 2194 407 2237 Ysidorus:
454 2196 664 2248 ‘Respice
700 2197 854 2237 iterum
891 2197 947 2237 ad
990 2198 1201 2239 orientem
1238 2204 1281 2238 et
1314 2199 1448 2241 vide’.
1511 2199 1708 2253 Cumque

169 2264 400 2317 respiceret
419 2264 526 2305 vidit
558 2265 911 2306 innumerabilem
944 2266 1262 2308 multitudinem
1293 2273 1540 2308 sanctorum
1561 2269 1708 2322 angel—

165 2330 298 2374 orum.
358 2334 592 2375 Ysidorus:
624 2339 633 2356 ‘
649 2335 762 2375 Ecce
783 2349 891 2388 quos
914 2337 955 2376 in
978 2336 1200 2377 occidente
1220 2337 1375 2387 vidisti,
1399 2338 1479 2391 ipsi
1500 2345 1600 2378 sunt
1632 2338 1706 2391 qui

168 2404 456 2456 impungnant
497 2403 629 2445 etiam
664 2411 838 2445 sanctos
879 2405 977 2446 Dei.
1059 2404 1180 2458 Quos
1217 2412 1362 2446 autem
1399 2407 1454 2447 ad
1493 2407 1704 2448 orientem

167 2471 323 2521 vidisti,
342 2471 421 2525 ipsi
443 2478 542 2513 sunt
559 2486 667 2526 quos
690 2474 732 2513 in
754 2473 1014 2514 adiutorium
1032 2475 1192 2514 sanctis
1215 2475 1301 2515 suis
1319 2475 1453 2515 mittit
1475 2475 1703 2516 Dominus.

168 2540 396 2594 Cognosce
426 2554 530 2593 ergo
561 2541 661 2594 quia
691 2542 834 2594 plures
866 2549 967 2583 sunt
998 2542 1233 2592 nobiscum,
1259 2544 1367 2583 sicut
1396 2544 1502 2584 dicit
1533 2544 1702 2585 Eliseus
1717 2551 1765 2581 IV
1779 2552 1915 2594 Reg.vi‚

166 2608 404 2663 propheta.’
457 2609 555 2649 Hiis
568 2610 725 2651 auditis
738 2610 1002 2652 confortatus
1017 2617 1082 2652 est
1094 2618 1266 2652 sanctus
1283 2611 1381 2664 [sol.
1396 2612 1498 2666 42a]
1514 2612 1702 2666 Moyses.
1718 2596 1766 2626 16.

169 2678 365 2731 Explicit
384 2678 642 2731 exemplum.

253 2748 346 2799 (57)
380 2747 430 2787 In
451 2748 606 2788 eodem
632 2761 802 2802 quoque
827 2749 935 2790 libro
956 2750 1069 2791 aliud
1102 2751 1156 2790 ad
1180 2749 1295 2791 idem
1316 2750 1523 2804 reperitur
1554 2764 1700 2792 exem-
1713 2759 1806 2798 V.P.,
1831 2760 1896 2798 ΙΙΙ,

164 2817 284 2870 plum
307 2816 419 2857 hunc
440 2817 605 2857 habens
627 2824 811 2860 textum.
876 2819 1002 2860 Dixit
1022 2819 1155 2860 abbas
1172 2819 1441 2860 Macharius:
1473 2820 1700 2862 Venerunt
1712 2803 1837 2887 }{{-(9¹31

252 2906 264 2926 1
277 2907 351 2938 MS.
370 2913 613 2945 transeuntem,
640 2932 647 2939 .
674 2933 680 2940 .
707 2933 714 2940 .
738 2908 959 2940 salutantem.
1074 2908 1086 2927 2
1099 2909 1172 2940 MS.
1190 2908 1256 2941 ille.
1373 2909 1472 2941 3MS.
1491 2909 1613 2942 Ysiod'.

924 2964 945 3004 3
