2052 3278
94 895 136 928 V.
144 895 178 926 P.
189 917 196 931 ‚
213 894 255 932 V,

98 938 211 970 Verba

98 983 190 1019 Son„
207 992 260 1018 xv,
278 990 295 1020 3

97 1025 144 1067 (p.
163 1026 249 1067 620).

99 1378 183 1410 Ibid.
204 1388 242 1418 14
255 1378 299 1419 (p.

96 1423 187 1464 522).

103 2287 186 2318 Ibid.
201 2289 241 2318 26
259 2286 303 2328 (p.

101 2332 192 2373 624)

108 2840 192 2872 Ibid.
208 2850 249 2880 30
261 2840 304 2881 (p.

104 2885 197 2926 624)

308 231 364 284 96
742 227 935 268 LIBER
969 225 1421 267 EXEMPLORUM

307 352 477 398 septem
510 346 719 385 demones
752 343 928 384 stabant
964 341 1173 382 habentes
1208 343 1265 395 vij
1306 342 1457 395 ciphos
1499 340 1650 394 plenos
1690 353 1860 380 veneno

307 414 606 455 horridissimo
629 415 671 454 in
691 411 899 453 manibus.
962 410 1158 464 Quorum
1174 424 1280 451 unus
1294 411 1408 451 dixit
1424 415 1620 451 mortuo:
1644 412 1653 429 ‘
1668 408 1857 450 Consors

309 484 494 536 propino
536 482 612 524 tibi
629 482 662 524 '2
692 488 735 522 et
764 483 855 534 ipse
886 487 1059 521 coactus
1081 486 1124 520 et
1155 481 1311 521 invitus
1339 480 1560 533 ciphatum
1582 477 1690 519 bibit
1712 479 1860 518 morti-

307 549 456 598 ferum,
478 555 522 589 et
543 550 602 589 sic
624 541 776 589 omnes
798 548 1035 588 servierunt
1056 548 1106 588 ei.
1171 547 1270 588 Hoc
1292 547 1404 587 facto
1425 546 1539 586 dixit
1560 545 1657 585 vivo
1677 559 1686 586 :
1720 547 1728 564 ‘
1749 544 1859 584 Istas

310 632 443 672 penas
465 620 610 672 paciar
631 620 947 671 inperpetuum,
967 623 1011 657 et
1043 617 1148 657 alias
1172 617 1308 657 multo
1330 616 1548 669 graviores
1565 613 1572 627 ‘
1590 628 1598 653 :
1629 620 1673 654 et
1706 619 1859 666 postea

308 688 533 742 disparuit.

910 795 978 835 De
999 794 1256 835 humilitate.

400 890 518 943 (158)
557 889 606 929 In
630 889 756 929 Vitas
780 889 957 928 Patrum
981 887 1165 941 plurima
1186 886 1302 928 bona
1333 886 1388 926 de
1419 884 1665 925 humilitate
1701 883 1860 936 reperi-

310 959 475 1014 unt[ur]
495 958 712 1012 exempla.
793 957 852 998 Et
872 958 954 998 hoc
976 957 1088 997 inter
1108 956 1191 997 alia
1213 956 1391 996 silencio
1413 953 1748 1008 pretereundum
1770 966 1859 993 non

311 1036 387 1071 est.
449 1029 679 1082 Reperitur
700 1033 844 1068 autem
868 1027 952 1067 illic
974 1027 1089 1079 quod
1122 1027 1236 1066 dixit
1265 1025 1416 1066 beatus
1450 1023 1697 1064 Antonius:
1731 1022 1860 1063 ‘Vidi

310 1112 463 1140 omnes
495 1099 672 1151 laqueos
703 1096 867 1137 inimici
898 1101 1043 1136 tentos
1076 1096 1118 1135 in
1152 1101 1274 1143 terra,
1310 1093 1509 1134 videlicet
1539 1093 1593 1133 ad
1626 1092 1861 1145 capiendas

312 1174 356 1209 et
386 1167 645 1209 occidendas
677 1167 844 1206 animas
875 1166 1114 1205 hominum.
1186 1164 1245 1203 Et
1276 1164 1565 1216 ingemiscens
1598 1162 1718 1202 dixi:
1753 1161 1861 1214 Quis

313 1244 437 1292 putas
452 1237 632 1277 transiet
648 1237 785 1276 istos?
848 1235 906 1274 Et
920 1235 1061 1274 audivi
1078 1234 1307 1281 dicentem,
1332 1231 1592 1273 Humilitas.’
1667 1231 1862 1284 Explicit

313 1307 580 1361 exemplum.

401 1376 524 1429 (159)
556 1375 688 1416 Aliud
712 1373 971 1426 exemplum:
987 1372 1196 1426 reperitur
1228 1372 1282 1411 ad
1318 1371 1434 1411 idem
1469 1369 1630 1410 ibidem
1664 1370 1706 1409 in
1744 1369 1859 1409 hunc

314 1447 503 1487 modum.
566 1444 694 1484 Dixit
715 1443 849 1483 abbas
873 1441 1030 1482 Daniel
1053 1442 1154 1493 quia
1175 1446 1268 1481 erat
1290 1441 1332 1480 in
1356 1439 1586 1480 Babilonia
1608 1438 1695 1478 filia
1726 1439 1861 1478 cuius-

312 1518 413 1556 dam
436 1514 626 1568 primarii
658 1513 909 1553 demonium
942 1510 1118 1551 habens.
1181 1509 1377 1562 Cumque
1413 1508 1652 1548 monachus
1689 1512 1863 1547 sanctus

313 1587 493 1626 domum
528 1583 716 1637 primarii
750 1583 941 1630 intraret,
976 1580 1094 1620 venit
1127 1578 1271 1633 puella
1303 1578 1555 1619 demoniata
1591 1582 1634 1617 et
1669 1577 1791 1617 dedit
1825 1576 1862 1617 ei

312 1656 498 1708 alapam,
519 1654 601 1693 hoc
622 1658 687 1693 est
717 1651 970 1692 demonium
1004 1662 1136 1690 manu
1158 1648 1310 1702 puelle.
1375 1647 1453 1688 Ille
1475 1652 1620 1687 autem
1652 1646 1864 1686 convertit

313 1725 442 1766 aliam
465 1722 690 1764 maxillam
713 1721 948 1761 secundum
971 1720 1163 1760 divinum
1188 1724 1455 1772 preceptum.
1519 1717 1695 1757 Demon
1718 1721 1861 1756 autem

311 1801 485 1835 coactus
502 1793 616 1846 cepit
647 1792 860 1832 clamare:
895 1789 964 1831 ‘O
999 1789 1207 1829 violencia
1241 1788 1436 1828 mandati
1474 1786 1571 1827 Iesu
1608 1785 1766 1827 Christi
1789 1799 1865 1825 ex-

313 1864 434 1918 pellit
467 1862 592 1905 me':
626 1868 669 1902 et
702 1861 851 1901 statim
883 1864 1030 1899 curata
1063 1864 1128 1898 est
1161 1858 1315 1911 puella.
1398 1856 1456 1896 Et
1489 1857 1694 1896 dixerunt
1727 1856 1864 1895 sancti

312 1947 438 1975 senes
473 1933 555 1972 hoc
591 1931 788 1971 videntes
823 1929 891 1969 vel
928 1928 1165 1975 audientes,
1202 1927 1303 1980 quia
1343 1926 1603 1966 situaciones
1637 1924 1865 1977 dyabolice

313 2003 558 2044 humilitate
580 2001 886 2041 mandatorum
905 1998 918 2021 1
960 1998 1056 2038 Iesu
1087 1996 1249 2038 Christi
1270 2009 1479 2036 corruere.
1543 1993 1643 2034 Hoc
1678 1999 1744 2034 est
1775 1994 1865 2035 dic-

313 2080 405 2113 tum
427 2086 434 2113 :
467 2071 569 2112 Non
592 2070 734 2123 potuit
755 2068 968 2122 dyabolus
991 2067 1094 2120 [fol.
1119 2064 1218 2118 Soa]
1241 2065 1415 2105 ulterius
1437 2064 1594 2111 situati,
1611 2065 1673 2104 i.e.
1688 2077 1865 2104 manere

315 2144 358 2182 in
382 2141 525 2195 puella
546 2140 629 2189 illa,
652 2144 829 2192 propter
849 2137 1138 2177 humilitatem
1173 2134 1378 2188 inplentis
1401 2134 1658 2174 mandatum
1693 2132 1865 2174 Christi.

319 2210 512 2264 Explicit
533 2208 798 2261 exemplum.

405 2280 525 2333 (160)
560 2278 720 2319 Adhuc
754 2282 951 2317 narratur
992 2274 1243 2328 exemplum
1285 2272 1501 2313 laudabile
1537 2273 1580 2312 in
1623 2272 1778 2312 eodem
1821 2272 1862 2315 in

317 2351 431 2391 hunc
454 2349 644 2389 modum.
707 2346 917 2387 Diabolus
939 2345 1122 2386 occurrit
1143 2342 1290 2385 abbati
1329 2342 1555 2382 Machario
1587 2341 1630 2381 in
1664 2342 1733 2381 via
1766 2354 1863 2381 cum

317 2419 424 2460 falce
448 2418 663 2460 messoria.
725 2416 877 2457 Voluit
899 2420 1044 2455 autem
1067 2427 1164 2454 eum
1188 2418 1420 2466 percutere,
1439 2417 1482 2451 et
1502 2411 1617 2451 dixit
1639 2411 1702 2452 ei:
1724 2412 1733 2430 ‘
1753 2409 1865 2450 Mul-

317 2496 407 2529 tam
448 2488 703 2528 violenciam
746 2485 890 2539 pacior
931 2498 955 2524 a
996 2490 1050 2533 te,
1089 2482 1298 2531 Machari,
1342 2482 1442 2534 quia
1481 2494 1568 2520 non
1610 2479 1865 2533 [prevalere]

318 2571 492 2612 possum
515 2558 743 2598 adversum
778 2561 832 2595 te.
896 2554 1009 2594 Ecce
1042 2553 1158 2593 enim
1187 2551 1302 2605 quod
1325 2557 1371 2591 tu
1400 2550 1514 2598 facis,
1550 2555 1594 2590 et
1626 2562 1709 2602 ego
1742 2548 1861 2590 facio.

322 2629 493 2668 Ieiunas
514 2633 570 2675 tu,
592 2631 635 2666 et
656 2637 738 2678 ego
759 2624 930 2677 penitus
950 2635 1038 2662 non
1060 2621 1255 2662 comedo.
1316 2619 1487 2672 Vigilas
1508 2624 1566 2667 tu,
1588 2623 1632 2658 et
1662 2631 1744 2671 ego
1775 2631 1863 2657 non

319 2698 498 2738 dormio.
562 2695 713 2737 Unum
750 2700 816 2734 est
848 2694 891 2733 in
928 2705 1014 2746 quo
1049 2705 1118 2732 me
1147 2703 1334 2743 superas,
1356 2689 1516 2730 scilicet
1537 2688 1759 2728 humilitas
1780 2693 1863 2736 tua,

319 2781 394 2820 per
414 2779 544 2819 quam
567 2779 655 2805 non
678 2763 879 2817 prevaleo
894 2762 1125 2802 adversum
1143 2759 1208 2800 te.’
1284 2759 1478 2813 Explicit
1498 2757 1763 2811 exemplum.

406 2836 529 2888 (161)
561 2833 695 2874 Aliud
732 2831 984 2885 exemplum
1022 2831 1064 2870 in
1102 2829 1258 2870 eodem
1300 2834 1344 2869 et
1379 2828 1433 2868 ad
1471 2828 1599 2867 idem.
1671 2825 1863 2879 Quidam

926 2921 937 2940 1
952 2921 1026 2952 MS.
1044 2919 1253 2951 mandatum.
