2052 3278
105 356 186 387 Vita
204 356 237 388 S.

108 399 281 431 Bernardi.

100 1394 181 1424 Vita
199 1395 237 1425 Β.

102 1437 200 1469 Edm.

102 1480 197 1513 Cant.

100 2430 200 2471 Greg.

99 2473 201 2523 βίαι,
219 2473 246 2511 1,

98 2528 138 2548 IV.

324 247 374 287 14
746 235 938 277 LIBER
971 234 1421 276 EXEMPLORUM

404 352 497 405 (23)
528 352 600 392 Ad
629 353 882 393 memoriam
910 351 1122 405 passionis
1153 351 1312 392 Christi
1340 352 1383 391 in
1414 351 1668 392 necessitate
1698 356 1861 402 quante

317 422 370 461 sit
398 420 595 471 efficacia
630 420 881 474 exemplum
913 421 1121 474 reperitur
1153 420 1403 461 mellifluum
1437 419 1480 460 in
1512 421 1604 459 vita
1634 419 1749 460 beati
1779 420 1859 460 viri

317 491 407 539 (sic)
433 492 475 530 in
497 490 604 532 libro
625 491 764 543 primo
789 504 933 531 versus
961 490 1103 541 finem,
1130 490 1203 531 ubi
1228 491 1287 530 sic
1316 489 1483 543 legitur,
1512 488 1712 529 videlicet
1743 489 1859 542 quod

316 559 608 600 infirmabatur
623 559 856 613 aliquando
868 561 932 600 vir
949 560 1030 600 Dei
1045 559 1318 612 paulominus
1331 559 1386 599 ad
1404 565 1602 599 extrema
1616 558 1860 598 deveniens.

318 629 514 682 Cumque
535 635 779 669 extremum
809 630 895 669 iam
923 630 1093 669 trahere
1122 629 1318 682 spiritum
1347 628 1571 676 videretur,
1603 627 1646 667 in
1677 640 1860 667 excessu

316 698 472 738 mentis
495 712 569 738 sue
589 704 689 738 ante
710 698 895 739 tribunal
917 698 1013 752 [fol.
1040 698 1140 753 29a]
1158 697 1339 738 Domini
1359 699 1417 738 sic
1434 698 1570 738 iussus
1587 702 1653 736 est
1669 702 1861 749 present-

315 768 386 807 ari.
448 766 590 808 Affuit
611 773 654 807 et
677 767 846 809 Sathan
868 782 925 808 ex
945 768 1125 808 adverso
1146 767 1355 820 improbis
1381 780 1479 807 cum
1512 765 1859 806 accusacionibus

315 837 488 889 pulsans
503 851 511 886 ;
544 837 616 878 ubi
637 850 737 877 vero
762 836 830 877 ille
854 836 992 878 fuerat
1019 837 1165 877 omnia
1193 842 1452 890 prosequtus
1478 841 1522 875 et
1547 835 1638 875 viro
1668 835 1751 875 Dei
1783 848 1860 888 pro

315 918 391 946 sua
411 919 539 947 causa
560 906 639 946 fuit
655 906 897 956 dicendum,
915 906 1041 947 nichil
1063 908 1236 947 territus
1254 911 1327 946 aut
1344 905 1542 946 turbatus
1560 905 1620 945 ait
1636 920 1642 945 :
1678 907 1685 924 ‘
1701 904 1861 945 Fateor

314 989 400 1016 non
418 989 513 1016 sum
529 976 684 1029 dignus
698 989 792 1029 ego,
811 989 891 1016 nec
906 976 1088 1029 propriis
1104 988 1278 1029 possum
1294 974 1457 1016 meritis
1472 988 1653 1028 regnum
1667 974 1856 1015 celorum

314 1046 517 1099 optinere.
580 1045 782 1087 Ceterum
804 1046 994 1099 dupplici
1025 1046 1115 1085 iure
1135 1044 1236 1085 illud
1259 1045 1461 1098 optinens
1484 1045 1696 1085 Dominus
1727 1057 1857 1093 meus,

313 1115 550 1155 hereditate
589 1121 768 1168 paterna
804 1121 847 1155 et
887 1116 1040 1155 merito
1077 1115 1298 1168 passionis,
1331 1115 1463 1155 altero
1497 1114 1589 1167 ipse
1630 1119 1858 1154 contentus

314 1184 493 1225 alterum
526 1185 630 1225 mihi
661 1184 849 1232 donavit,
869 1197 926 1224 eX
958 1185 1074 1223 cuius
1106 1184 1222 1224 dono
1253 1184 1344 1224 iure
1374 1182 1478 1223 illud
1511 1183 1745 1223 vendicans
1768 1195 1855 1223 non

313 1253 571 1294 confundor.'
625 1253 675 1293 In
696 1253 778 1294 hoc
800 1253 929 1293 verbo
949 1253 1151 1293 confusus
1173 1259 1240 1293 est
1262 1253 1470 1301 inimicus,
1487 1259 1531 1294 et
1551 1252 1684 1292 homo
1707 1252 1791 1292 Dei
1813 1252 1857 1292 in

314 1337 359 1364 se
379 1336 569 1363 reversus
592 1327 668 1363 est.

401 1392 493 1444 (24)
527 1392 599 1432 Ad
622 1391 734 1432 idem
757 1404 857 1430 vero
879 1390 981 1430 facit
1003 1391 1120 1443 quod
1142 1391 1197 1430 de
1219 1390 1346 1432 beato
1369 1390 1611 1431 Edmundo
1634 1390 1858 1432 Cantuari-

312 1463 403 1502 ensi
428 1461 749 1513 archiepiscopo
774 1460 956 1513 legimus
983 1459 1025 1499 in
1046 1460 1134 1500 vita
1159 1473 1244 1500 sua.
1306 1459 1509 1512 Quodam
1535 1472 1723 1512 namque
1747 1465 1856 1500 tem-

313 1544 415 1584 pore
435 1543 530 1570 cum
551 1535 663 1570 esset
693 1529 913 1570 devotioni
941 1529 1146 1569 orationis
1176 1528 1423 1583 suppliciter
1442 1529 1632 1570 intentus
1661 1528 1858 1582 apparuit

311 1600 348 1639 ei
378 1598 588 1652 dyabolus
618 1599 659 1638 in
688 1597 831 1652 effigie
856 1598 1077 1639 cuiusdam
1107 1599 1243 1639 bestie
1272 1597 1491 1647 horribilis,
1519 1611 1648 1651 quem
1681 1598 1856 1639 intuitus

312 1674 481 1708 sanctus
509 1668 604 1718 Dei,
630 1674 673 1708 et
698 1667 938 1722 intelligens
967 1681 1061 1708 esse
1088 1667 1337 1720 dyabolum,
1370 1667 1642 1707 adiuracione
1667 1667 1856 1708 virtuosa

311 1752 388 1791 per
408 1738 521 1778 hunc
550 1738 728 1778 modum
755 1750 985 1791 aggressus
1013 1743 1078 1777 est
1103 1738 1272 1778 dicens:
1307 1737 1499 1778 ‘Adiuro
1521 1743 1561 1777 te
1583 1750 1658 1789 per
1678 1737 1857 1791 aspersi-

310 1820 434 1847 onem
467 1806 686 1860 sanguinis
720 1807 818 1846 Iesu
852 1805 1010 1847 Christi
1043 1811 1089 1846 ut
1124 1806 1239 1847 dicas
1273 1805 1391 1856 mihi,
1423 1819 1508 1859 quo
1541 1806 1672 1846 modo
1703 1806 1856 1847 melius

309 1877 351 1916 in
379 1877 662 1929 temptatione
682 1876 792 1916 vinci
819 1875 1039 1929 potueris'.
1101 1876 1187 1929 Qui
1215 1882 1387 1916 coactus
1414 1882 1457 1915 et
1484 1875 1640 1916 invitus
1666 1889 1764 1916 cum
1794 1878 1856 1917 in-

310 1946 559 2000 dignatione
607 1946 827 1999 respondit
857 1945 1024 1985 dicens:
1070 1945 1144 1985 ‘In
1195 1944 1277 1985 hoc
1327 1946 1443 1998 quod
1489 1945 1660 1995 dixisti‚'
1704 1946 1853 1987 nolens

309 2017 561 2070 sanguinem
586 2015 745 2057 Christi
767 2015 1000 2064 nominare,
1022 2015 1144 2068 quasi
1161 2015 1344 2064 diceret;
1380 2015 1560 2056 ‘Melius
1575 2028 1660 2056 non
1678 2029 1854 2069 possum

307 2086 419 2126 vinci
451 2098 580 2138 quam
612 2085 654 2125 in
686 2085 895 2125 memoria
926 2085 1144 2138 sanguinis
1174 2090 1216 2124 et
1248 2084 1381 2125 crucis
1415 2085 1511 2125 Iesu
1543 2084 1702 2126 Christi
1717 2085 1734 2127 '.
1795 2086 1854 2126 Et

308 2155 389 2196 hoc
422 2161 488 2195 est
522 2155 636 2207 quod
666 2153 770 2194 dicit
801 2154 835 2194 B
855 2153 933 2205 (?)1
963 2155 1079 2207 quod
1111 2153 1252 2195 nullus
1284 2155 1520 2195 demonum
1553 2161 1666 2196 stare
1696 2155 1855 2209 poterit

308 2226 457 2266 videns
478 2225 669 2279 gladium
692 2224 734 2264 in
756 2238 841 2277 quo
863 2224 1054 2264 deiectus
1077 2223 1166 2264 fuit.

941 2333 1025 2384 (De
1059 2332 1096 2374 C
1094 2335 1216 2383 mace.)

399 2423 486 2473 (25)
522 2421 592 2460 De
623 2420 780 2460 virtute
811 2419 944 2459 crucis
979 2417 1187 2458 habemus
1220 2418 1470 2472 exemplum
1502 2420 1543 2460 in
1576 2419 1715 2472 primo
1748 2420 1852 2461 Dia-

310 2492 504 2545 logorum
550 2491 604 2531 de
650 2487 822 2530 moniali
869 2489 1060 2541 quadam
1107 2502 1164 2528 ex
1210 2489 1469 2530 monasterio
1514 2491 1630 2543 quod
1676 2491 1849 2544 quidem

310 2560 505 2614 regimini
534 2560 669 2600 sancti
695 2558 863 2611 Equicii
892 2557 1152 2599 subiacebat.
1213 2558 1282 2598 De
1306 2571 1390 2611 qua
1414 2572 1515 2599 sane
1539 2559 1851 2601 sanctimoniali

308 2630 470 2671 femina
491 2629 549 2669 sic
570 2628 697 2668 refert
719 2626 963 2681 Gregorius,
985 2627 1155 2668 dicens:
1191 2626 1395 2679 Quodam
1417 2642 1519 2669 vero
1550 2628 1620 2669 die
1649 2642 1735 2669 una
1767 2629 1849 2669 Dei

309 2698 469 2739 famula
508 2711 564 2738 ex
604 2697 755 2737 eodem
797 2695 1058 2736 monasterio
1099 2695 1312 2749 virginum
1354 2703 1495 2738 ortum
1541 2697 1729 2751 ingressa
1772 2704 1848 2738 est.

311 2768 408 2821 Que
436 2768 642 2808 lactucam
673 2766 940 2819 conspiciens
971 2765 1222 2818 concupivit,
1253 2780 1437 2819 eamque
1463 2767 1566 2820 [fol.
1596 2766 1695 2820 29b]
1725 2766 1849 2820 signo

309 2839 441 2878 crucis
471 2837 721 2879 benedicere
747 2834 880 2876 oblita
910 2840 974 2875 est
1003 2841 1046 2875 et
1077 2835 1309 2875 momordit
1339 2837 1463 2877 avide
1480 2851 1489 2886 3
1521 2836 1595 2876 sed
1628 2841 1796 2889 arrepta
1827 2850 1852 2876 a

861 2925 955 2957 1The
971 2926 1068 2956 letter
1087 2926 1114 2957 is
1130 2925 1292 2958 doubtful.
