2052 3278
629 191 714 231 DE
749 188 1184 231 ELEEMOSYNA
1621 196 1668 237 71

230 309 351 360 (121)
382 306 647 360 Exemplum
677 320 808 346 unum
834 305 1035 346 horribile
1054 313 1199 344 contra
1219 302 1448 343 violatores
1471 302 1678 343 libertatis
1692 307 1731 337 In
1751 306 1893 347 antiquo

144 377 232 417 sive
260 375 572 418 immunitatis1
604 375 782 415 ecclesie
810 376 851 414 in
880 376 1057 427 antiquo
1086 373 1274 426 quodam
1307 384 1503 413 sermone
1531 371 1678 424 reperi,
1691 359 1853 381 sermone.

145 450 188 485 et
216 452 280 485 est
307 445 387 486 hoc
415 444 674 497 exemplum.
738 443 866 483 Miles
898 443 1073 495 quidam
1108 448 1299 482 mortuus
1331 440 1528 494 apparuit
1558 439 1680 479 alteri

145 515 360 566 superstiti
382 527 457 567 per
476 514 683 553 visionem
706 512 876 553 dicens:
913 511 1037 551 ‘Noli
1060 502 1221 560 timere,
1243 523 1413 550 securus
1436 513 1541 549 esto.
1585 507 1682 560 Ego

145 584 261 623 enim
284 585 382 623 veni
411 595 586 636 querere
617 581 825 621 auxilium
854 580 930 620 abs
960 578 1026 621 te.’
1086 580 1164 621 Cui
1194 579 1426 632 inquirenti
1455 577 1556 632 [fol.
1579 575 1682 629 68⁶2]

146 652 201 691 de
229 657 344 692 statu
371 666 446 692 suo
471 650 715 703 respondit:
748 648 867 702 ‘Ego
892 649 1126 689 innumeris
1151 647 1318 701 affligor
1343 647 1580 696 tormentis,
1607 646 1682 686 sed

147 721 286 774 magis
315 719 588 761 intolerabilis
616 732 727 772 pena
755 723 821 758 est
851 718 957 757 mihi
985 717 1100 770 quod
1129 717 1213 757 tale
1239 717 1497 756 cimiterium
1526 715 1684 756 violavi

148 796 191 829 et
221 789 280 829 ibi
307 790 445 829 virum
477 788 695 829 vulneravi
727 791 770 827 et
801 799 910 839 capa
944 799 1019 826 sua
1049 785 1243 837 spoliavi,
1272 799 1355 837 que
1383 784 1685 838 superponitur

149 857 266 908 mihi,
303 865 348 899 et
382 858 532 898 videor
565 857 686 910 quasi
723 868 880 908 magno
918 860 1070 895 monte
1105 855 1342 907 comprimi.
1408 853 1686 906 Quapropter

147 940 258 979 rogo
292 927 491 980 quatinus
527 940 607 979 pro
641 938 711 965 me
744 923 920 964 ecclesie
953 930 997 963 et
1028 922 1243 963 sacerdoti
1276 928 1319 962 et
1352 923 1526 975 pauperi
1562 921 1685 961 satis-

149 995 304 1036 facias.'
387 995 448 1035 Et
487 1008 582 1035 cum
626 994 694 1033 ille
736 999 934 1046 quereret
973 1005 1028 1032 an
1068 998 1215 1045 posset
1254 990 1421 1040 salvari,
1462 989 1686 1043 respondit

145 1065 259 1117 quod
294 1070 439 1117 posset
470 1077 546 1116 per
579 1063 802 1103 oraciones
834 1068 879 1102 et
911 1062 1112 1114 precipue
1146 1073 1222 1113 per
1254 1073 1421 1100 sacram
1456 1059 1688 1099 eukaristie

148 1132 424 1173 oblationem.
488 1133 586 1184 Ipse
618 1145 722 1171 vero
758 1131 956 1184 promisit
985 1131 1024 1170 ei
1053 1129 1168 1182 quod
1199 1128 1358 1169 faceret
1388 1141 1467 1182 pro
1497 1141 1549 1168 eo
1581 1127 1689 1167 cele-

148 1201 262 1241 brari
295 1201 350 1241 ad
386 1202 475 1241 eius
511 1200 819 1242 liberationem.
882 1199 1079 1239 Mortuus
1111 1204 1252 1238 autem
1288 1198 1433 1251 tetigit
1464 1198 1609 1237 vivum
1646 1197 1689 1236 in

149 1269 325 1312 brachio
356 1276 400 1310 et
431 1270 650 1324 perforata
681 1276 747 1310 est
775 1270 882 1309 cutis
910 1275 953 1308 et
980 1282 1079 1308 caro
1109 1281 1242 1320 usque
1273 1267 1329 1307 ad
1364 1281 1412 1307 os
1443 1267 1486 1306 in
1518 1267 1688 1318 signum

147 1345 194 1380 ut
225 1338 400 1380 haberet
428 1339 684 1379 memoriam
716 1338 1036 1391 promissionis:
1067 1341 1398 1389 verumptamen
1427 1334 1538 1375 lesus
1571 1334 1692 1375 dolo—

149 1422 241 1449 rem
265 1421 354 1449 non
375 1408 684 1448 sensit—Heu
704 1408 807 1460 quid
829 1406 989 1447 facient
1009 1407 1186 1459 tyranni
1207 1405 1481 1446 ecclesiarum
1504 1405 1691 1445 viatores

151 1479 194 1517 in
228 1477 410 1526 inferno,
445 1476 621 1530 quando
655 1478 735 1516 iste
771 1475 904 1525 miles,
941 1476 1012 1528 qui
1048 1475 1230 1515 decessit
1261 1474 1445 1514 finaliter
1478 1474 1692 1527 penitens,

152 1553 327 1600 propter
360 1546 477 1586 illam
510 1546 679 1598 culpam
712 1546 766 1586 sit
799 1543 981 1585 afflictus
1014 1545 1056 1584 in
1090 1544 1353 1597 purgatorio.

705 1714 708 1716 .
744 1681 811 1721 De
838 1681 881 1720 E
882 1680 1097 1721 lemosina.

243 1779 358 1827 (122)
395 1777 509 1817 Huic
530 1776 735 1829 exemplo
756 1775 990 1816 concordat
1011 1775 1126 1814 aliud
1155 1773 1405 1827 exemplum
1429 1773 1547 1826 quod
1577 1774 1691 1814 idern
1708 1781 1811 1829 Greg.

154 1845 389 1899 Gregorius
423 1847 510 1886 cito
546 1852 647 1899 post
682 1845 814 1885 refert
851 1844 1006 1884 dicens.
1070 1844 1156 1884 Hic
1189 1844 1319 1884 etiam
1356 1843 1533 1896 quidam
1572 1843 1694 1882 iuxta
1707 1821 1888 1898 gffi‘i'iffv'

152 1929 234 1956 nos
269 1914 535 1956 Deusdedit2
568 1915 745 1955 nomine
778 1913 1002 1966 religiosus
1034 1911 1275 1962 habitabat,
1306 1913 1378 1965 qui
1413 1911 1696 1952 calciamenta

155 1984 324 2025 solebat
356 1985 538 2038 operari.
601 1984 670 2024 De
703 1997 789 2036 quo
824 1983 934 2023 alter
966 1996 1040 2035 per
1073 1981 1388 2022 revelacionem
1423 1981 1546 2029 vidit,
1580 1979 1695 2033 quod

157 2054 245 2093 eius
280 2053 433 2093 domus
469 2053 758 2101 edificabatur,
791 2059 857 2093 set
890 2053 933 2092 in
968 2066 1019 2091 ea
1052 2057 1365 2092 constructores
1403 2050 1465 2090 sui
1499 2048 1593 2090 solo
1628 2049 1698 2089 die

159 2122 327 2163 sabbati
367 2121 626 2163 videbantur
673 2121 851 2175 operari.
915 2120 1000 2174 Qui
1051 2121 1244 2160 eiusdem
1286 2120 1364 2159 viri
1415 2119 1697 2172 postmodum

160 2191 369 2231 subtiliter
410 2192 544 2231 vitam
592 2192 808 2243 requirens
851 2190 1018 2229 invenit
1063 2190 1163 2242 quia
1208 2203 1264 2228 ex
1305 2187 1388 2228 hiis
1428 2201 1510 2240 que
1550 2186 1700 2227 diebus

160 2260 337 2313 singulis
373 2260 610 2306 laborabat,
647 2259 849 2312 quicquid
886 2273 943 2298 ex
977 2259 1093 2299 victu
1129 2264 1258 2310 atque
1290 2258 1448 2297 vestitu
1480 2269 1701 2308 superesse

161 2330 382 2382 potuisset,
424 2329 493 2369 die
534 2328 702 2369 sabbati
743 2328 799 2379 ad
836 2329 952 2368 beati
993 2328 1107 2368 Petri
1144 2326 1365 2367 ecclesiam
1403 2325 1565 2366 deferre
1600 2338 1702 2364 con-

162 2404 358 2439 sueverat
398 2404 527 2451 atque
569 2397 861 2451 indigentibus
902 2410 1089 2450 erogare.
1167 2396 1264 2449 Qua
1307 2409 1365 2435 ex
1402 2409 1446 2435 re
1482 2393 1704 2448 perpende

163 2468 262 2520 quia
297 2479 386 2507 non
432 2467 633 2507 inmerito
679 2467 833 2507 domus
874 2467 1004 2519 ipsius
1046 2465 1207 2506 fabrica
1247 2464 1432 2505 sabbato
1473 2462 1702 2503 crescebat.

250 2535 370 2588 (123)
404 2535 551 2576 Unum
581 2535 720 2576 adhuc
747 2535 997 2588 exemplum
1028 2535 1239 2574 memoria
1267 2534 1444 2586 dignum
1471 2546 1598 2585 super
1624 2532 1703 2571 hac
1717 2536 1860 2585 Baedae

166 2604 348 2645 materia
400 2605 613 2644 invenitur
665 2605 706 2644 in
753 2604 863 2644 libro
914 2604 1033 2644 Bede
1083 2604 1137 2643 de
1188 2603 1322 2656 gestis
1363 2601 1606 2654 Anglorum
1649 2601 1704 2641 de
1718 2580 1926 2661 fffitffifch

165 2674 267 2728 [fol.
291 2673 390 2727 68b]
421 2673 552 2714 beato
581 2673 788 2714 Osvvaldo
821 2675 864 2713 in
893 2674 1004 2713 hunc
1034 2673 1225 2713 modum.
1288 2671 1450 2711 Beatus
1480 2669 1706 2712 Oswaldus

168 2757 248 2783 rex
283 2743 360 2783 fuit
395 2741 616 2795 quondam
654 2743 696 2781 in
733 2742 928 2795 partibus
961 2742 1123 2794 Anglie
1159 2739 1578 2794 septentrionalibus.
1640 2738 1707 2780 Si-

621 2868 718 2899 1MS.
737 2867 901 2900 emunitis.
1033 2867 1046 2886 2
1061 2868 1135 2899 MS.
1153 2867 1237 2899 dedt·
