2025 3175
267 272 470 315 INDEX
504 270 931 313 RUBRICARUM
967 268 1048 309 ET
1082 266 1548 310 CAPITULORUM

212 442 326 492 (103)
363 439 432 479 De
462 437 739 478 contentione
768 436 884 476 facta
916 437 958 476 in
989 435 1194 476 electione
1223 433 1490 486 imperatoris
1521 431 1599 472 Al-

480 507 680 547 manniae
1202 537 1209 544 .
1413 535 1421 542 .
1548 535 1555 542 .

212 581 326 631 (104)
363 578 432 618 De
462 589 614 630 guerra
645 574 831 628 Angliae
863 576 905 614 in
937 588 1022 628 qua
1029 536 1229 616 Simon
1251 572 1304 612 de
1343 535 1600 611 Monteforti

480 645 729 686 interfectus
750 649 813 684 est

369 715 526 757 Contra
548 714 657 754 male
678 714 944 754 deczmanles.

214 789 327 839 (105)
364 786 433 826 De
454 790 655 824 matrona
676 795 787 836 quae
807 782 1036 822 occultavit
1058 782 1208 821 decem
1230 793 1288 819 ex
1309 779 1394 819 suis
1414 779 1535 832 agnis

215 857 328 907 (106)
367 852 632 906 Exemplum
656 852 710 892 de
732 852 780 894 Β.
804 851 1017 892 Anselmo

364 923 433 964 De
453 921 719 964 detractione.

215 996 329 1045 (107)
365 993 436 1033 De
458 991 600 1032 Maria
621 1004 764 1031 sorore
788 990 934 1044 Moysi
956 995 999 1030 et
1022 989 1172 1029 Aaron

216 1064 330 1113 (108)
367 1062 412 1102 B.
436 1059 670 1114 Augustini
691 1073 836 1100 versus

217 1134 331 1186 (109)
368 1131 436 1171 De
458 1129 741 1171 Constantino
761 1135 804 1169 et
826 1128 995 1180 synodo
1019 1127 1217 1167 Nicena.

368 1199 436 1240 De
457 1198 674 1240 szlatzone

219 1272 333 1321 (110)
370 1269 439 1309 De
460 1268 611 1308 clerico
635 1267 705 1320 qui
728 1267 878 1308 habuit
901 1265 1184 1307 concubinam

219 1343 256 1390 (1
270 1351 284 1380 1
298 1341 333 1389 1)
370 1338 439 1378 De
460 1336 671 1378 serviente
692 1337 805 1390 regis
827 1335 1039 1378 Coenredi

220 1412 255 1459 (1
271 1410 334 1459 12)
372 1408 442 1448 De
464 1406 599 1447 milite
620 1407 692 1459 qui
714 1405 869 1446 occidit
890 1411 1172 1446 mercatorem
1195 1410 1239 1444 et
1268 1403 1433 1444 distulit
1465 1402 1611 1456 poeni-

487 1483 577 1518 tere

371 1547 440 1587 De
461 1547 549 1587 illis
570 1546 648 1599 qui
665 1546 876 1586 iniuriam
886 1546 1066 1598 faciunt
1085 1545 1281 1585 ecclesiae.

223 1620 337 1670 (113)
373 1617 568 1670 Qualiter
603 1615 797 1657 diabolus
827 1615 992 1668 scripsit
1022 1620 1195 1668 peccata
1227 1627 1337 1667 quae
1372 1611 1532 1653 fiebant
1568 1611 1611 1650 in

489 1685 666 1725 ecclesia

225 1759 261 1806 (1
275 1757 339 1807 14)
376 1755 446 1794 De
468 1754 678 1807 Pompeio
698 1759 751 1794 et
765 1717 1006 1794 Heliodoro

225 1827 339 1876 (115)
377 1824 447 1864 De
477 1823 699 1876 sagittario
730 1823 801 1876 qui
834 1822 988 1863 obtulit
1023 1823 1246 1863 denarium
1282 1821 1336 1861 ad
1369 1832 1536 1860 crucem
1572 1819 1614 1857 in

491 1891 669 1932 ecclesia
691 1891 737 1933 S.
764 1891 991 1932 Trinitatis
1012 1891 1192 1933 Dublini

227 1967 263 2013 (1
278 1965 341 2014 16)
378 1962 449 2002 De
471 1961 694 2002 Ludovico
715 1961 807 2001 VII
832 1975 934 2015 rege
956 1961 1221 2002 Francorum

226 2035 260 2083 (1
276 2035 340 2083 17)
377 2031 447 2071 De
470 2030 725 2071 infractione
746 2030 950 2071 ecclesiae
967 2030 1171 2071 Fratrum
1197 2030 1414 2070 Minorum
1438 2026 1617 2067 Dublini

227 2104 260 2151 (1
275 2103 341 2151 18)
379 2100 450 2140 De
473 2099 668 2140 Roberto
688 2099 742 2140 de
765 2099 1001 2140 Staffordia

229 2174 264 2219 (1
279 2172 343 2223 19)
380 2169 448 2209 De
469 2168 657 2222 quodam
681 2170 858 2209 nomine
881 2169 1068 2209 Richero

228 2241 342 2288 (120)
379 2238 448 2278 De
470 2250 572 2289 rege
594 2237 985 2291 Longobardorum
1008 2237 1223 2278 haeretico

229 2310 342 2358 (121)
380 2307 450 2347 136
473 2306 608 2346 milite
630 2313 802 2348 mortuo
825 2308 897 2360 qui
918 2307 1173 2348 cimiterium
1195 2305 1428 2346 violaverat

379 2373 447 2413 De
467 2373 736 2425 eleemosyna.

231 2444 345 2493 (122)
383 2442 452 2481 De
475 2442 662 2494 quodam
684 2443 860 2482 nomine
883 2442 1121 2483 Deusdedit

232 2512 346 2562 (123)
383 2509 452 2549 De
474 2510 520 2550 Β.
545 2510 748 2551 Oswaldo
770 2524 870 2564 rege

232 2581 346 2630 (124)
384 2579 454 2618 De
476 2578 523 2619 B.
548 2578 761 2632 Martyrio
781 2585 823 2620 et
844 2580 1013 2633 leproso

233 2650 347 2700 (125)
386 2647 454 2687 De
477 2647 607 2688 Petro
630 2649 894 2689 theloneario

234 2719 348 2768 (126)
386 2717 454 2757 De
476 2717 627 2757 eodem

236 2789 350 2837 (127)
386 2787 455 2826 De
477 2786 624 2827 Troilo
645 2788 846 2840 episcopo

236 2857 348 2906 (128)
386 2855 456 2895 De
481 2855 674 2896 Iohanne
697 2856 1056 2910 Eleemosynario

236 2926 349 2978 (129)
387 2924 457 2964 De
478 2924 667 2977 quodam
691 2925 762 2977 qui
785 2926 986 2966 miserum
1011 2932 1055 2966 et
1076 2925 1236 2965 nudum
1260 2923 1424 2964 invenit

1648 281 1742 306 XXV

1658 387 1739 410 PAG.

1691 511 1743 555 59

1693 648 1745 692 59

1692 778 1748 818 60

1693 847 1743 886 61

1694 986 1742 1025 61

1695 1055 1745 1094 61

1697 1123 1750 1163 62
