2052 3278
344 263 425 304 124
772 255 964 296 LIBER
998 255 1452 299 EXEMPLORUM

336 369 529 411 Domino
563 370 874 424 complacebat.
934 371 1012 413 Cui
1046 377 1090 412 et
1123 373 1226 426 ipse,
1260 380 1306 414 ut
1342 376 1570 416 mundanis
1599 388 1693 416 mos
1724 383 1800 426 est,
1823 378 1878 418 ad

332 446 518 480 mortem
540 440 643 480 totis
665 440 822 481 viribus
844 441 1095 483 insidiatur.1
1148 442 1340 497 Contigit
1362 451 1506 485 autem
1524 445 1594 485 die
1615 458 1881 499 parasceues,

331 509 422 549 vice
435 510 635 562 quadam,
656 516 702 550 ut
725 510 846 550 miles
860 509 929 551 ille
950 511 1266 553 interfectorem
1281 515 1414 567 patris
1428 515 1490 554 sui
1513 515 1724 556 inveniret
1745 515 1788 556 in
1802 517 1881 566 via,

332 579 376 618 in
394 579 490 619 loco
512 580 703 631 quodam
727 580 781 620 ad
804 580 1043 620 vindictam
1075 584 1366 624 exercendam
1388 589 1620 637 oportuno,
1682 584 1882 638 Cumque

336 653 520 687 mortem
557 647 637 688 sibi
675 647 863 689 efferatis
904 648 1061 690 animis
1092 651 1385 705 intemptaret,
1418 653 1524 692 alius
1556 666 1602 693 se
1640 652 1884 695 humiliavit

333 717 404 767 illi,
448 731 606 771 rogans
647 724 690 758 et
730 719 976 773 supplicans
1016 727 1230 774 quatenus
1270 736 1350 776 pro
1391 736 1443 763 eo
1483 723 1555 775 qui
1587 723 1657 763 die
1688 723 1763 764 illo
1804 738 1883 778 pro

331 787 582 829 hominibus
624 795 819 830 mortuus
860 796 925 831 est
958 791 1000 831 in
1036 804 1169 840 cruce,
1205 792 1283 833 sibi
1321 793 1593 832 misereretur
1630 798 1674 833 et
1710 807 1886 847 parcere

334 857 596 910 dignaretur.
691 857 777 912 Qui
843 860 1022 900 audiens
1077 861 1398 902 adiuracionem
1451 862 1600 901 mortis
1650 862 1883 913 dominice,

338 927 631 968 misericordia
662 934 818 978 motus,
849 936 1034 970 mortem
1066 931 1199 984 patris
1230 932 1294 971 sui
1327 945 1407 984 pro
1440 942 1588 970 amore
1612 929 1771 972 Christi
1803 945 1884 985 pro

333 995 462 1036 nobis
500 997 658 1037 mortui
695 999 1026 1040 misericorditer
1061 1000 1100 1040 ei
1135 1000 1427 1048 condonabat,
1454 1005 1498 1041 et
1528 1000 1692 1040 dimisit
1722 1014 1821 1042 eum
1844 1002 1886 1041 in

340 1079 457 1118 pace.
521 1066 621 1107 Hoc
656 1073 802 1109 autem
839 1068 1001 1110 factum
1038 1069 1130 1123 ipse
1165 1084 1254 1111 non
1292 1070 1476 1111 multum
1509 1071 1731 1125 pensabat,
1765 1072 1887 1112 Deus

336 1141 482 1176 autem
506 1136 689 1178 multum
722 1138 834 1178 istud
858 1139 1139 1191 ponderabat,
1161 1139 1270 1180 sicut
1291 1145 1336 1180 et
1367 1140 1594 1182 manifeste
1624 1140 1884 1182 declarabat.

341 1205 468 1255 Nam,
492 1207 668 1259 quando
689 1208 808 1247 venit
831 1208 884 1248 ad
918 1221 1063 1261 regem
1095 1215 1274 1262 propter
1295 1210 1633 1251 misericordiam
1665 1210 1886 1263 postulan-

338 1276 453 1324 dam,
476 1289 574 1317 cum
595 1277 666 1317 die
696 1278 887 1330 quadam
918 1278 1120 1318 intrasset
1141 1277 1350 1331 capellam
1372 1278 1444 1320 ubi
1467 1292 1545 1319 rex
1566 1281 1742 1321 missam
1765 1293 1888 1320 suam

338 1345 556 1394 audiebat,
579 1352 622 1386 et
645 1352 779 1386 staret
812 1353 910 1400 post
944 1347 1119 1387 dorsum
1142 1348 1253 1400 regis
1274 1347 1317 1387 in
1349 1354 1471 1401 parte
1502 1350 1661 1389 oraculi
1684 1349 1888 1398 inferiori,

336 1414 411 1454 ubi
433 1421 610 1455 ventum
632 1421 696 1456 est
718 1416 772 1456 ad
795 1416 955 1469 Agnus
984 1416 1080 1465 Dei,
1103 1422 1146 1457 et
1173 1430 1264 1470 pax
1295 1418 1383 1470 regi
1415 1420 1714 1471 porrigeretur,
1738 1418 1891 1459 accidit

342 1489 390 1524 ut
422 1498 511 1524 non
548 1491 661 1525 esset
683 1486 807 1525 iuxta
840 1499 988 1539 regem
1021 1486 1174 1539 aliquis
1206 1486 1364 1528 nobilis
1394 1488 1460 1527 cui
1493 1501 1645 1540 pacem
1674 1489 1892 1541 porrigere

342 1552 569 1595 debuisset.
632 1555 885 1608 Respiciens
922 1569 1025 1609 ergo
1058 1569 1136 1597 rex
1160 1561 1259 1609 post
1291 1562 1474 1609 tergum,
1495 1563 1541 1597 ut
1575 1556 1698 1597 alicui
1729 1556 1891 1598 ibidem

340 1623 546 1664 existenti
570 1638 720 1677 pacem
744 1626 987 1678 porrigeret,
1010 1626 1129 1666 videt
1157 1625 1371 1679 prefatum
1394 1626 1577 1666 militem
1599 1639 1747 1667 coram
1770 1639 1894 1666 cruce

345 1706 459 1746 genu
482 1693 739 1745 flectentem,
762 1700 805 1735 et
826 1695 1079 1748 ymaginem
1100 1695 1293 1736 crucifixi
1315 1696 1509 1736 eiusdem
1541 1709 1588 1736 se
1609 1695 1894 1736 amicabiliter

342 1763 687 1805 reinclinantem.
751 1763 920 1805 Videns
954 1771 1098 1805 autem
1137 1779 1216 1805 rex
1253 1765 1458 1805 nimirum
1490 1764 1722 1818 obstupuit,
1757 1778 1894 1819 usque

345 1840 491 1874 tamen
525 1840 623 1886 post
656 1835 833 1875 missam
867 1835 1163 1878 dissimulavit.
1224 1834 1452 1877 Celebrata
1483 1848 1587 1875 vero
1619 1835 1762 1885 missa,
1794 1847 1892 1875 cum

344 1917 422 1944 rex
439 1904 725 1957 egrederetur,
748 1905 932 1958 procidit
954 1905 1008 1946 ad
1031 1905 1162 1958 pedes
1185 1906 1275 1945 eius
1292 1905 1425 1954 miles,
1443 1904 1688 1958 supplicans
1704 1904 1892 1958 graciam

348 1980 392 2014 et
433 1974 780 2015 misericordiam.
843 1974 1052 2028 Querenti
1091 1988 1195 2015 vero
1237 1975 1326 2027 regi
1368 1974 1461 2027 quis
1504 1980 1628 2023 esset,
1679 1980 1723 2014 et
1763 1987 1894 2027 quam

345 2057 522 2084 causam
554 2043 744 2093 haberet,
779 2045 881 2097 quid
916 2045 1075 2098 egisset
1111 2043 1316 2097 exposuit
1348 2042 1448 2099 [fol.
1486 2043 1611 2096 103a]
1644 2049 1687 2084 et
1717 2056 1803 2096 qua
1843 2043 1897 2083 de

346 2128 477 2154 causa
514 2120 626 2154 terra
661 2128 738 2154 sua
774 2113 922 2154 fuisset
953 2113 1174 2166 spoliatus.
1238 2113 1338 2154 Rex
1369 2119 1525 2162 autem,
1558 2112 1896 2153 misericordiam

352 2183 623 2237 propositam
657 2184 828 2224 interim
863 2183 1145 2231 dissimulans,
1167 2183 1352 2236 quesivit
1382 2182 1438 2223 ab
1470 2196 1522 2223 eo
1554 2182 1588 2222 si
1609 2182 1712 2235 quid
1738 2182 1898 2235 egisset

352 2268 431 2308 pro
467 2254 639 2295 Christo
671 2254 787 2307 quod
822 2253 900 2295 sibi
935 2254 1103 2306 placere
1135 2252 1362 2302 debuisset,
1385 2253 1440 2293 de
1473 2266 1562 2305 quo
1595 2251 1674 2292 sibi
1703 2252 1897 2292 conscius

351 2330 478 2366 esset.
542 2324 627 2379 Qui
669 2323 893 2377 respondit
933 2323 1050 2376 quod
1093 2336 1195 2363 non.
1275 2321 1472 2374 Cumque
1512 2335 1591 2362 rex
1631 2321 1812 2361 instaret
1852 2327 1898 2360 ut

351 2396 566 2448 cogitaret
587 2395 620 2434 si
642 2393 744 2446 quid
768 2393 854 2433 tale
874 2406 1065 2445 unquam
1098 2391 1267 2444 egisset,
1290 2392 1472 2432 occurrit
1494 2391 1532 2431 ei
1564 2391 1618 2431 ad
1642 2390 1898 2430 memoriam

354 2464 578 2517 quomodo
601 2462 868 2503 interfectori
902 2461 1037 2513 patris
1070 2462 1133 2501 sui
1168 2467 1351 2502 mortem
1373 2460 1676 2509 condonasset,
1709 2465 1753 2500 et
1784 2459 1899 2500 dixit

356 2534 468 2586 regi:
503 2533 656 2581 ‘Vere,
678 2532 802 2581 dixit,
830 2532 1019 2579 domine,
1040 2545 1124 2585 ego
1158 2545 1246 2571 non
1280 2529 1423 2570 recolo
1458 2529 1616 2582 aliquid
1651 2528 1899 2569 huiusmodi

355 2605 430 2645 sed
468 2604 550 2644 hoc
585 2616 719 2643 unum
755 2601 909 2651 recolo,
938 2601 1139 2641 videlicet
1173 2601 1304 2653 quod,
1338 2613 1416 2653 pro
1446 2612 1594 2639 amore
1627 2598 1785 2640 Christi
1821 2610 1900 2651 pro

352 2673 477 2714 nobis
500 2672 705 2721 crucifixi,
730 2671 901 2724 peperci
936 2669 1195 2710 interfectori
1214 2670 1346 2722 patris
1369 2669 1450 2709 mei
1466 2668 1485 2709 ¹.
1550 2668 1608 2708 Et
1641 2667 1829 2708 narravit
1860 2666 1898 2707 ei

357 2749 495 2784 totam
519 2743 672 2783 seriem
694 2742 765 2783 rei.
830 2740 888 2780 Et
908 2740 1022 2781 dixit
1054 2753 1158 2780 rex:
1194 2738 1275 2778 ‘Et
1296 2751 1378 2791 ego
1398 2751 1474 2790 pro
1498 2750 1646 2777 amore
1679 2736 1789 2776 illius
1820 2748 1900 2788 pro

355 2827 444 2866 quo
476 2812 678 2853 remisisti
715 2812 774 2851 sic
807 2808 1140 2850 misericorditer
1183 2812 1367 2848 mortem
1401 2807 1543 2859 patris,
1577 2819 1730 2846 omnes
1765 2811 1899 2845 terras

447 2905 458 2924 1
476 2905 561 2935 This
578 2909 738 2934 sentence
755 2901 810 2933 fits
828 2902 860 2932 in
874 2901 982 2931 better
999 2901 1085 2931 aster
1105 2902 1264 2941 oportuno
1283 2898 1430 2939 (below),
1446 2897 1507 2928 but
1528 2897 1689 2937 probably
1704 2895 1795 2926 there
1812 2894 1840 2925 is
1857 2904 1900 2925 an

359 2949 534 2986 omission,
551 2948 663 2979 before
686 2946 750 2981 cui,
768 2946 808 2976 of
827 2955 921 2976 some
945 2945 1030 2975 such
1053 2944 1163 2975 words
1181 2952 1219 2974 as
1234 2953 1240 2974 :
1268 2943 1372 2973 Pater
1394 2941 1478 2972 enim
1494 2941 1563 2972 eius
1581 2938 1774 2981 interfectus
1791 2941 1864 2969 erat
1879 2948 1901 2968 a

360 2993 505 3033 quodam
525 2992 642 3023 milite.
692 2992 769 3031 (See
787 2990 909 3029 notes.)
