2052 3278
93 556 167 588 Lib.
186 557 281 587 Gest.

93 600 254 632 Barlaam

92 650 125 675 et
143 645 231 675 Iosa-

92 688 184 729 phau

312 230 362 270 16
730 227 923 267 LIBER
956 226 1409 269 EXEMPLORUM

305 345 480 385 densem
512 344 762 396 episcopum
794 343 1008 396 pervenit:
1041 342 1107 383 cui
1139 356 1214 396 per
1244 343 1441 383 ordinem
1475 348 1629 384 cuncta
1659 342 1850 385 referens

305 414 618 465 instructusque
647 412 690 451 in
723 411 809 452 fide
844 411 900 451 ab
934 410 1088 452 eodem
1124 412 1326 464 episcopo
1359 412 1602 465 baptizatus
1637 417 1679 451 et
1709 410 1848 464 gratia

305 481 465 523 Christi
485 483 669 522 donatus
688 487 732 522 et
762 481 949 522 salvatus
968 487 1044 522 est.
1107 481 1301 534 Explicit
1320 481 1583 534 exemplum.

390 550 480 602 (27)
516 550 763 590 Invenimus
799 550 842 589 in
883 549 993 590 libro
1032 556 1252 602 gestorum
1295 550 1498 591 Barlaam
1541 556 1585 590 et
1634 549 1846 603 Iosaphat

301 632 521 660 servorum
555 619 648 666 Dei,
669 619 785 672 quod
824 618 1029 659 Theodas
1061 632 1212 672 magus
1253 619 1428 672 quidam
1471 619 1691 659 maximus
1728 620 1845 660 misit

301 689 510 729 demones
532 689 587 728 ad
613 687 822 741 Iosaphat
853 693 1142 728 memoratum
1172 687 1304 728 filium
1327 689 1440 741 regis
1475 687 1597 727 Indie
1617 687 1845 728 christian-

299 759 503 807 issimum,
538 763 584 797 ut
618 770 719 797 eum
751 762 1020 810 temptarent
1056 756 1256 797 omnibus
1293 757 1434 797 modis
1471 756 1628 809 quibus
1649 763 1843 809 possent,

298 828 500 880 quatinus
530 840 629 867 eum
662 840 687 866 a
718 826 801 866 fide
824 825 984 866 Christi
1006 832 1261 875 averterent,
1285 832 1517 879 postquam
1540 824 1619 865 fuit
1634 826 1689 865 ad
1712 824 1846 866 fidem

297 910 536 946 conversus,
572 903 615 936 et
654 897 736 937 hoc
775 895 875 936 fecit
912 895 966 936 ad
1008 896 1266 935 mandatum
1307 895 1418 949 regis
1459 896 1597 948 patris
1637 895 1728 935 eius
1770 896 1845 948 qui

298 980 493 1020 paganus
526 966 739 1019 pessimus
774 971 879 1005 erat.
955 965 1179 1005 Demones
1215 977 1319 1017 ergo
1355 965 1474 1005 missi
1515 970 1843 1017 temptaverunt

298 1049 396 1076 eum
417 1041 627 1089 quantum
649 1041 895 1088 potuerunt,
918 1040 984 1074 set
1008 1033 1217 1087 proficere
1247 1047 1334 1073 non
1358 1033 1574 1074 valebant.
1640 1033 1843 1073 Tandem

296 1118 399 1158 ergo
419 1118 495 1157 per
526 1104 691 1157 puellas
724 1103 1032 1156 pulcherrimas
1052 1088 1163 1142 circa
1195 1115 1293 1142 eum
1326 1104 1479 1142 missas
1506 1108 1550 1142 et
1582 1115 1680 1142 eum
1701 1102 1845 1143 verbis

295 1180 339 1214 et
360 1173 631 1214 contactibus
662 1179 705 1213 et
738 1173 854 1212 omni
877 1171 1103 1212 dulcedine
1133 1171 1294 1212 carnali
1326 1171 1572 1220 allicientes,
1605 1171 1847 1212 conabatur

296 1257 395 1284 eum
417 1243 473 1284 ab
494 1249 588 1283 arte
609 1241 854 1282 sanctitatis
875 1254 950 1281 sue
972 1240 1150 1288 deicere,
1174 1246 1218 1280 et
1241 1247 1332 1280 tam
1347 1240 1470 1280 fortis
1493 1246 1586 1280 erat
1605 1242 1843 1293 temptacio

299 1314 417 1366 quod
439 1313 525 1353 fere
546 1311 622 1352 fuit
644 1313 687 1352 in
709 1312 931 1365 procinctu
953 1310 1009 1350 ad
1030 1311 1286 1360 cadendum,
1310 1311 1386 1350 sed
1410 1316 1558 1350 tamen
1581 1312 1643 1351 ita
1664 1311 1843 1350 viriliter

297 1383 537 1436 pungnavit
578 1382 693 1434 quod
736 1393 888 1420 omnes
929 1380 1065 1419 evasit
1106 1379 1282 1432 laqueos
1324 1378 1504 1432 dyaboli
1544 1393 1642 1420 cum
1683 1393 1845 1433 magna

296 1452 426 1506 ipsius
472 1451 651 1504 dyaboli
692 1450 955 1499 confusione,
997 1449 1105 1488 sicut
1144 1449 1237 1501 ipse
1282 1448 1499 1502 dyabolus
1540 1455 1725 1490 testatus
1767 1454 1844 1490 est.

299 1521 416 1561 Nam
453 1535 478 1561 a
515 1520 700 1560 Theoda
731 1520 802 1572 qui
836 1519 955 1558 missi
987 1517 1157 1557 fuerant
1188 1519 1384 1571 nequicie
1424 1519 1601 1571 spiritus
1637 1519 1845 1559 adversus

295 1597 494 1631 sanctum
550 1602 731 1642 puerum
788 1588 1019 1628 redeuntes
1073 1587 1127 1627 ad
1189 1600 1287 1627 eum
1354 1587 1560 1640 con-[fol.
1621 1587 1844 1641 gob]—fussi

295 1661 583 1701 deiectionem
605 1658 879 1706 confitentur,
895 1663 939 1697 et
957 1657 1161 1697 licet'sint
1183 1657 1502 1698 mendacissimi
1526 1663 1674 1697 tamen
1695 1670 1844 1698 casum

293 1743 366 1770 sue
411 1729 666 1770 deieccionis
696 1734 843 1781 aperte
879 1727 1128 1768 retulerunt.
1186 1727 1262 1767 Ille
1302 1733 1450 1767 autem
1491 1727 1549 1767 sic
1582 1727 1668 1767 ait:
1723 1727 1845 1767 ‘Vos

295 1800 453 1840 infirmi
475 1806 518 1840 et
543 1800 696 1849 miseri,
714 1799 941 1852 quomodo
962 1797 1018 1837 ab
1039 1810 1127 1837 uno
1145 1810 1277 1850 puero
1294 1798 1396 1837 estis
1414 1798 1605 1850 superati
1623 1801 1639 1837 ?
1658 1797 1666 1812 '
1715 1797 1843 1837 Tunc

295 1871 473 1923 maligni
505 1869 690 1922 spiritus,
724 1868 872 1908 divina
904 1867 1066 1906 virtute
1101 1866 1326 1919 compulsi,
1349 1866 1392 1906 in
1425 1866 1565 1907 lucem
1596 1865 1696 1906 licet
1717 1867 1840 1906 inviti

295 1940 523 1980 veritatem
574 1938 849 1992 protulerunt
914 1936 1130 1976 dicentes:
1201 1939 1210 1955 ‘
1231 1936 1330 1976 Non
1381 1936 1594 1977 valuimus
1645 1937 1847 1976 resistere

293 2022 371 2049 nec
410 2008 589 2049 omnino
619 2007 832 2059 respicere
873 2006 1032 2047 Christi
1074 2005 1276 2046 virtutem
1310 2011 1353 2045 et
1391 2005 1599 2046 vexillum
1631 2005 1846 2058 passionis

293 2080 383 2118 eius
405 2078 521 2131 quod
544 2090 711 2117 crucem
733 2081 905 2116 vocant.
964 2075 1044 2115 Illo
1067 2075 1183 2114 enim
1221 2076 1346 2128 signo
1383 2075 1615 2115 redivimus
1651 2075 1844 2115 enervati

295 2147 589 2200 fugientesque
629 2145 772 2185 exusti
814 2157 967 2184 omnes
1007 2144 1118 2184 aeris
1159 2145 1372 2197 principes
1413 2150 1458 2184 et
1498 2149 1686 2184 rectores
1724 2150 1843 2183 tene-

294 2217 480 2257 brarum.
542 2216 659 2256 Nam
692 2215 942 2267 priusquam
975 2212 1163 2266 perfecte
1194 2226 1245 2253 eo
1270 2213 1513 2265 signaretur
1542 2213 1707 2253 iuvenis
1729 2212 1840 2262 iste,1

294 2300 420 2339 super
460 2299 559 2326 eum
600 2288 804 2324 irruentes
841 2284 1009 2322 fortiter
1048 2283 1398 2323 conturbavimus
1438 2295 1561 2323 eum:
1607 2288 1655 2322 ut
1695 2288 1842 2322 autem

295 2356 519 2397 Christum
541 2354 757 2394 invocavit
779 2353 821 2392 in
850 2351 1058 2392 auxilium
1081 2357 1124 2391 et
1146 2352 1272 2404 signo
1303 2352 1438 2391 crucis
1470 2352 1657 2391 armavit
1688 2357 1846 2391 semet-

295 2427 450 2480 ipsum,
491 2438 571 2465 nos
623 2428 869 2476 persecutus
919 2427 985 2461 est
1035 2433 1134 2460 cum
1184 2421 1246 2460 ira
1296 2427 1339 2460 et
1389 2420 1627 2474 presidium
1667 2420 1843 2461 sibimet

294 2495 560 2535 tutissimum
582 2492 738 2547 posuit.
801 2490 1065 2530 Meditantes
1097 2503 1202 2542 ergo
1225 2490 1465 2529 invenimus
1496 2489 1841 2538 instrumentum,

293 2565 353 2605 ie.
377 2563 712 2617 temptationem
735 2559 999 2608 muliebrem,
1023 2572 1098 2611 per
1119 2559 1234 2611 quod
1266 2558 1306 2598 in
1341 2558 1645 2611 prothoplasto
1673 2558 1842 2598 locutus

293 2640 358 2673 est
380 2631 613 2685 aliquando
636 2630 833 2683 princeps
854 2633 1003 2667 noster
1023 2633 1066 2667 et
1098 2640 1197 2667 eum
1220 2628 1447 2680 superavit.
1508 2626 1588 2668 Set
1618 2640 1732 2667 nunc
1761 2639 1844 2679 pro

293 2701 453 2742 nichilo
494 2699 685 2753 reputati
725 2710 872 2738 sumus
907 2710 932 2736 a
972 2709 1109 2749 puero
1150 2697 1235 2736 isto
1267 2703 1310 2736 et
1352 2696 1469 2736 irrita
1500 2696 1615 2737 facta
1646 2702 1712 2735 est
1744 2708 1843 2748 spes

294 2784 425 2824 quam
448 2770 675 2811 habuimus
697 2768 752 2807 de
783 2766 867 2807 illo.
922 2765 1039 2806 Nam
1071 2766 1295 2805 invocatus
1327 2765 1524 2807 Christus
1556 2765 1598 2805 in
1631 2765 1842 2805 auxilium

294 2841 433 2894 ignis2
456 2853 638 2893 superne
669 2839 729 2878 ire
765 2850 844 2877 nos
881 2835 1167 2876 inflammavit
1202 2841 1245 2875 et
1276 2835 1319 2874 in
1356 2835 1504 2888 fugam
1535 2835 1761 2885 convertit,
1798 2840 1843 2874 et

553 2936 563 2955 1
577 2936 651 2967 MS.
670 2939 742 2965 nte.
885 2932 953 2964 2sic
970 2932 1004 2963 in
1022 2932 1097 2963 MS.
1116 2932 1185 2963 and
1202 2932 1236 2962 in
1254 2932 1349 2963 Ioan.
1369 2932 1579 2964 Damascen.
