2052 3278
691 243 775 283 DE
808 240 1107 283 LUXURIA
1588 250 1664 291 113

133 358 327 398 modeste
359 364 401 398 et
432 357 570 399 sobrie
602 358 721 407 vixit,
756 364 798 398 et
831 371 959 398 omne
990 364 1160 410 tempus
1192 369 1314 396 suum
1347 354 1592 395 infirmitate
1625 360 1668 394 et

130 427 406 469 tribulacione
436 433 738 480 consumptum
772 427 907 477 fuerit,
931 433 973 468 et
995 428 1054 467 ita
1075 426 1203 467 finem
1235 426 1321 466 vite
1355 425 1520 478 accepit
1551 425 1665 477 quod

129 497 204 536 vix
226 497 484 550 sepulturam
507 497 595 536 eius
617 502 728 536 terra
750 497 926 549 recipiet
944 511 952 546 ;
981 510 1035 536 an
1058 497 1220 545 matris,
1238 508 1323 548 que
1343 495 1402 535 ita
1423 494 1466 534 in
1489 492 1666 534 luxuriis

130 571 173 605 et
193 565 480 606 immundiciis
500 565 611 605 vixit
632 571 675 605 et
710 566 753 605 in
785 571 905 605 tanta
936 565 1232 606 incolumitate
1261 564 1397 605 vitam
1429 564 1594 617 peregit
1624 568 1667 603 et

130 635 306 675 tandem
343 642 433 675 tam
475 635 665 687 quietum
699 632 827 674 finem
868 635 1018 675 sortita
1050 641 1124 675 est.
1196 634 1256 674 Et
1294 635 1506 687 cogitatus
1546 646 1667 674 meus

129 704 291 757 inquit:
324 704 494 744 Bonum
514 710 579 744 est
600 704 740 743 vivere
761 704 803 743 in
824 703 986 744 deliciis
1008 709 1050 743 et
1072 704 1250 743 luxuriis
1273 704 1380 744 sicut
1402 703 1512 743 vixit
1529 708 1668 743 mater

129 786 235 813 mea.
299 772 396 813 Hoc
419 787 489 813 me
510 773 740 826 cogitante,
763 772 899 811 astitit
921 772 1025 812 mihi
1060 773 1236 825 quidam
1270 771 1444 826 grandis
1477 786 1666 825 corpore,

126 848 302 894 aspectu
323 841 527 890 terribilis,
542 841 686 881 dicens
705 853 713 879 1
736 840 851 880 Veni
866 846 909 880 et
925 840 1024 880 vide
1037 846 1277 893 utrumque,
1295 846 1337 880 et
1353 843 1469 881 cuius
1486 840 1666 881 volueris

126 911 258 950 vitam
281 911 388 963 elige
409 909 496 950 tibi.
558 909 617 949 Et
637 908 969 962 apprehendens
993 909 1119 948 michi
1145 921 1320 949 manum
1337 909 1521 950 ducebat
1537 923 1607 950 me
1623 909 1666 949 in

126 982 341 1033 quendam
359 980 372 1003 1
392 993 593 1033 campum
616 991 834 1031 magnum,
860 978 1091 1020 habentem
1115 979 1352 1031 paradysos
1375 992 1566 1031 magnos,
1586 979 1669 1019 hoc

125 1055 188 1090 est
221 1062 380 1102 magna
400 1050 567 1102 gaudia,
591 1061 769 1100 magnas
800 1048 1082 1088 iocunditates
1113 1054 1156 1088 et
1186 1048 1548 1100 pulchritudinem
1581 1050 1669 1088 ine-

123 1119 393 1159 narrabilem.
449 1119 497 1158 In
520 1131 604 1171 qua
627 1117 720 1171 (sic)
740 1118 923 1158 occurrit
945 1118 1074 1157 michi
1096 1123 1218 1171 pater
1240 1130 1360 1158 meus
1381 1123 1424 1158 et
1446 1118 1669 1171 amplexa-

125 1194 192 1228 tus
214 1194 279 1228 est
301 1202 372 1228 me
393 1186 525 1227 filiam
548 1200 670 1227 suam
691 1200 865 1228 vocans,
939 1186 1036 1240 Ego
1072 1193 1216 1227 autem
1253 1187 1458 1240 rogabam
1492 1201 1590 1227 eum
1623 1193 1670 1228 ut

125 1270 344 1297 manerem
384 1270 481 1297 cum
523 1270 585 1305 eo,
627 1263 670 1296 et
710 1255 811 1296 ille:
845 1255 1004 1296 Adhuc
1045 1269 1131 1296 non
1172 1262 1305 1310 potes.
1380 1255 1467 1298 Sed
1500 1257 1533 1297 si
1571 1270 1669 1297 mea

120 1326 301 1379 vestigia
333 1327 452 1379 sequi
493 1325 687 1374 volueris,
723 1326 867 1365 venies
895 1325 977 1365 huc
1009 1339 1095 1366 non
1131 1332 1231 1379 post
1265 1326 1449 1366 multum
1484 1332 1667 1379 tempus.

124 1394 227 1435 Post
262 1395 340 1435 hec
372 1395 499 1435 duxit
531 1407 602 1434 me
638 1395 691 1434 ad
726 1394 866 1434 locum
903 1394 1166 1444 horribilem,
1190 1395 1234 1434 in
1268 1408 1354 1447 quo
1396 1400 1534 1435 mater
1570 1408 1667 1436 mea

121 1463 380 1504 exurebatur
400 1463 512 1516 igne,
536 1463 606 1504 ubi
628 1463 787 1503 stridor
806 1464 1007 1503 dencium
1028 1469 1072 1503 et
1091 1477 1260 1504 vermes
1284 1470 1327 1504 et
1348 1470 1580 1517 serpentes,
1595 1464 1666 1505 ubi

121 1538 164 1572 et
186 1533 277 1584 ipsa
298 1533 341 1572 in
364 1531 534 1572 fornace
563 1532 842 1584 torquebatur
864 1538 908 1571 et
938 1532 1020 1572 hoc
1052 1546 1199 1585 usque,
1219 1533 1274 1573 ad
1305 1533 1473 1583 collum,
1507 1539 1549 1573 et
1579 1533 1666 1573 vidi

122 1614 219 1641 eam
242 1601 284 1640 in
306 1600 376 1640 illa
398 1614 509 1653 pena
529 1600 729 1640 dentibus
765 1601 1034 1641 stridentem.
1097 1601 1212 1642 Nam
1251 1600 1407 1641 fornax
1439 1608 1531 1642 erat
1567 1602 1667 1655 igne

121 1671 274 1710 ardens
314 1677 357 1710 et
389 1671 600 1710 vermium
642 1670 825 1718 multum
867 1669 1045 1711 fetorem
1087 1670 1226 1711 ferens
1268 1671 1385 1713 mihi.
1467 1671 1525 1712 Et
1555 1673 1669 1713 dixit

122 1739 282 1780 michi:
317 1739 418 1780 Heu
453 1753 533 1789 me,
567 1739 663 1789 filia,
700 1753 777 1792 pro
810 1740 1011 1792 operibus
1048 1740 1154 1781 meis
1190 1741 1270 1781 hec
1306 1742 1461 1794 pacior.
1553 1741 1669 1782 Ecce

121 1815 299 1862 propter
320 1822 499 1862 parvam
522 1808 743 1849 libidinem
766 1814 809 1849 et
837 1809 1017 1862 exiguas
1051 1809 1226 1850 delicias
1260 1816 1444 1862 quantas
1476 1810 1671 1851 sustineo

121 1892 263 1931 penas
328 1878 415 1918 Ista
443 1891 545 1918 vero
575 1878 618 1917 in
649 1878 776 1918 corde
809 1890 905 1918 meo
932 1878 1182 1918 exclamans
1203 1878 1217 1901 ²
1251 1879 1344 1930 (εἰς)
1374 1879 1483 1932 elegi
1515 1880 1668 1920 merita

120 1947 254 1999 patris
291 1948 375 1987 mei
406 1946 843 1998 imitanda.’—-(195b)
878 1947 1073 1988 Occurrit
1094 1948 1236 1988 adhuc
1257 1949 1371 1989 aliud
1397 1949 1451 1988 ad
1483 1949 1599 1989 idem
1623 1951 1666 1989 in
1679 1956 1779 1993 V.P.‚
1797 1956 1862 1995 ΙΙΙ,

120 2017 274 2057 eodem
295 2030 393 2057 cum
415 2017 631 2057 sententia
647 2017 662 2040 3
683 2016 935 2068 exemplum
959 2017 1071 2057 hunc
1093 2017 1258 2058 habens
1284 2019 1477 2059 modum.
1538 2018 1667 2059 Dixit
1680 1999 1835 2082 {32³ss

120 2086 252 2126 abbas
283 2085 484 2138 Moyses:
516 2086 720 2138 ‘Propter
750 2086 829 2126 has
869 2092 1054 2138 quatuor
1091 2100 1157 2126 res
1194 2087 1337 2139 passio
1370 2085 1726 2128 fornicacionis(p·
1745 2086 1836 2128 510)-

121 2155 332 2208 gignitur3
363 2155 450 2197 scil.
494 2168 569 2207 per
600 2153 872 2209 habun-[fol.
896 2155 1216 2208 96b]-danciam
1254 2170 1350 2196 esce
1386 2163 1428 2197 et
1464 2163 1588 2210 potus
1625 2164 1668 2198 et

120 2224 362 2265 satietatem
404 2224 587 2276 sompni,
610 2229 653 2264 et
684 2237 759 2276 per
789 2224 928 2264 ocium
961 2230 1004 2264 et
1035 2225 1177 2265 iocum
1210 2231 1254 2265 et
1284 2226 1447 2271 ornatis
1478 2227 1666 2268 vestibus

119 2292 347 2333 incidendo
363 2292 582 2345 '.—(1956)
619 2292 814 2334 Occurrit
841 2306 954 2333 nunc
986 2295 1205 2334 sententia
1242 2294 1504 2348 exemplaris
1538 2309 1666 2349 super
1680 2302 1773 2341 V.P.‚
1793 2304 1852 2342 VI,

119 2361 200 2401 hac
233 2362 413 2401 materia
443 2375 532 2401 non
564 2360 724 2401 inutilis
756 2362 797 2401 in
831 2362 944 2402 hunc
977 2362 1166 2403 modum.
1250 2363 1376 2404 Dixit
1407 2378 1543 2404 senex
1563 2365 1664 2417 quia
1678 2347 1798 2422 {gl-³³5
1828 2390 1847 2421 8

119 2431 229 2470 oculi
251 2430 502 2470 animalium
523 2430 774 2471 naturaliter
791 2429 851 2470 ita
872 2430 1046 2471 formati
1068 2438 1167 2472 sunt
1184 2438 1229 2472 ut
1243 2434 1499 2473 necessitate
1520 2434 1562 2473 in
1583 2439 1664 2474 ter·
1680 2435 1724 2474 (1)·
1741 2414 1829 2475 6Ῐ15’)·

119 2512 210 2539 ram
234 2499 459 2539 intendant
480 2512 664 2552 semper,
686 2512 764 2539 nec
777 2500 1009 2552 aliquando
1032 2501 1201 2553 possint
1214 2502 1426 2554 respicere
1439 2503 1494 2542 ad
1511 2503 1662 2545 celum.

121 2566 192 2608 Sic
225 2580 326 2620 ergo
358 2573 401 2608 et
422 2567 567 2607 anima
588 2569 688 2616 eius
709 2568 781 2621 qui
804 2569 846 2608 in
869 2568 1096 2609 dulcedine
1118 2570 1391 2623 voluptatum
1414 2571 1661 2622 delectatur,

118 2637 251 2677 semel
265 2637 441 2689 delapsa
455 2636 497 2676 in
515 2637 680 2676 luxurie
693 2650 859 2685 cenum,
877 2637 1050 2678 difficile
1064 2645 1207 2691 potest
1224 2640 1432 2692 respicere
1446 2641 1499 2680 ad
1517 2640 1661 2682 Deum

119 2712 194 2746 aut
216 2719 366 2758 sapere
388 2705 548 2757 aliquid
571 2706 752 2759 dignum
785 2706 892 2747 Deo.

206 2774 327 2828 (196)
361 2774 627 2827 Exemplum
673 2775 905 2815 Paschonis
947 2776 989 2815 in
1030 2777 1188 2817 eodum
1225 2777 1429 2830 scriptum
1470 2792 1557 2819 non
1597 2785 1662 2820 est

471 2880 482 2899 1
496 2881 571 2912 MS.
590 2881 771 2922 quoddam.
903 2882 1020 2914 2C0rr.
1039 2887 1069 2915 to
1087 2884 1285 2915 examinans
1300 2884 1312 2914 ?

473 2923 485 2942 ³
496 2925 573 2955 MS.
591 2924 712 2956 inserts
728 2925 806 2956 here
825 2929 832 2942 ‘
846 2932 907 2957 est.
956 2927 1142 2968 Postquam
1158 2928 1164 2941 '
1183 2927 1225 2969 (?)

885 2972 907 3011 8
