2052 3278
310 217 366 267 64
736 212 926 253 LIBER
960 210 1413 253 EXEMPLORUM

306 332 350 371 in
372 335 550 384 peccato
592 328 693 382 [fol.
735 327 836 381 62b]
877 328 1011 367 vitam
1044 340 1167 367 suam
1197 329 1418 368 enutrivit:
1464 334 1507 367 et
1539 340 1648 377 ecce,
1680 326 1853 368 volente

307 401 403 441 Deo
434 399 551 440 viciis
584 399 668 438 suis
704 398 833 438 finem
867 410 1039 449 ponere,
1074 396 1272 437 molestia
1304 398 1490 450 corporis
1524 409 1759 449 percussus,
1793 397 1848 437 ad

304 476 503 509 extrema
536 468 745 508 deductus
775 472 850 506 est.
913 465 1013 506 Rex
1047 466 1188 519 igitur,
1222 466 1401 506 audiens
1434 466 1692 505 servientem
1725 478 1852 505 suum

302 538 380 579 sibi
416 544 507 578 tam
542 535 690 576 utilem
726 535 1004 583 infirmatum,
1037 535 1298 575 visitacionis
1330 536 1471 587 gratia
1504 534 1623 573 venit
1659 534 1713 574 ad
1750 547 1849 574 eum

301 614 344 648 et
381 607 493 646 dixit
528 606 567 645 ei
602 604 733 644 verba
770 603 967 652 salubria,
1008 616 1190 644 monens
1231 610 1278 644 ut
1321 610 1422 643 tunc
1464 603 1617 643 saltem
1658 605 1851 656 peccatis

301 678 387 718 suis
419 673 688 716 renunciaret
718 680 760 714 et
793 674 846 714 ad
880 673 1022 713 Deum
1052 686 1098 713 se
1129 679 1404 722 converteret,
1429 673 1527 713 Deo
1559 673 1849 725 penitenciam

300 759 446 787 veram
479 744 679 798 quamvis
710 756 806 783 sero
836 742 1068 783 offerendo.
1133 743 1261 782 Dixit
1293 743 1437 783 enirn:
1475 742 1748 782 ‘Misericors
1783 748 1849 782 est

303 821 345 856 et
387 813 631 869 prestabilis
673 826 802 865 super
844 811 1016 852 malicia
1052 811 1269 852 Dominus
1314 812 1433 851 Deus
1470 816 1617 851 noster
1631 809 1650 852 ’.
1732 810 1851 865 Eger

300 892 448 926 autem
483 883 615 924 verba
651 883 731 922 hec
766 873 955 922 salubria
997 882 1217 934 pacienter
1256 882 1452 934 quamvis
1493 894 1580 921 non
1622 880 1851 921 salubriter

299 954 568 996 abscultabat
589 958 634 992 et
655 951 768 992 dixit
790 951 902 1004 regi:
935 955 943 971 ‘
960 950 1097 1001 Certe,
1119 951 1303 1000 domine,
1325 964 1407 1004 ego
1429 950 1648 991 dimittam
1673 956 1850 1003 peccata

301 1038 397 1066 mea
435 1029 478 1063 et
516 1034 644 1075 agam
686 1021 989 1074 penitenciam.
1053 1019 1129 1061 Set
1165 1020 1199 1059 si
1237 1020 1369 1060 modo
1404 1019 1446 1059 in
1481 1019 1559 1059 hac
1595 1019 1848 1060 infirmitate

297 1093 532 1141 confiterer,
566 1091 777 1131 diceretur
807 1089 924 1142 quod
955 1102 1095 1130 essem
1127 1088 1304 1130 timidus
1335 1094 1378 1128 et
1410 1088 1705 1142 pusillanimis,
1728 1088 1847 1142 quod

296 1164 450 1205 timore
486 1161 640 1201 ductus
676 1160 809 1199 modo
845 1165 1019 1212 peccata
1056 1172 1152 1199 mea
1185 1158 1420 1199 confiterer.
1484 1157 1562 1199 Set
1594 1171 1725 1211 quam
1759 1159 1848 1198 cito

297 1231 564 1279 convaluero,
606 1228 844 1269 confitebor
886 1234 929 1268 et
968 1228 1154 1281 peccatis
1195 1228 1302 1267 meis
1341 1227 1521 1268 omnino
1557 1227 1846 1270 renunciabo?

300 1303 400 1343 Rex
422 1301 566 1341 dicere
586 1298 728 1352 potuit
749 1297 865 1350 quod
887 1296 1032 1347 voluit,
1053 1303 1118 1337 set
1138 1296 1192 1337 ab
1213 1310 1266 1337 eo
1287 1297 1382 1350 plus
1405 1297 1563 1338 habere
1584 1310 1671 1337 non
1693 1298 1845 1350 potuit.

299 1370 493 1413 Recessit
528 1381 631 1420 ergo
663 1380 742 1407 rex
776 1373 820 1407 et
854 1367 1007 1406 iterum
1041 1366 1112 1406 die
1144 1365 1338 1419 quodam
1371 1366 1491 1406 venit
1522 1366 1579 1406 ad
1611 1379 1719 1407 eum.
1785 1366 1846 1407 Et

297 1455 406 1490 6666,
442 1452 574 1493 quam
611 1437 699 1477 cito
734 1435 842 1476 vidit
877 1448 1023 1489 regem
1060 1435 1362 1486 introeuntem,
1395 1434 1587 1476 clamans
1620 1435 1707 1476 acsi
1745 1435 1848 1476 furi-

295 1511 464 1554 bundus
501 1514 625 1557 esset,
659 1506 772 1547 dixit
804 1505 860 1546 ad
894 1518 1063 1558 regem:
1097 1504 1238 1558 ‘Quid
1274 1505 1336 1546 vis
1368 1510 1414 1546 tu
1446 1504 1545 1546 hic?
1607 1505 1847 1559 Nunquam

296 1580 454 1636 poteris
475 1577 635 1632 aliquid
657 1576 795 1617 facere
816 1576 933 1629 quod
956 1575 1061 1616 mihi
1084 1575 1187 1616 utile
1206 1588 1300 1616 esse
1321 1574 1508 1617 valebit.'
1566 1575 1646 1616 Cui
1669 1588 1846 1629 respon-

296 1652 361 1692 dit
378 1664 458 1690 rex
475 1648 671 1689 modeste
692 1661 699 1688 :
735 1650 743 1666 ‘
759 1645 896 1699 Signa
910 1652 954 1686 te
969 1645 1094 1698 signo
1112 1646 1245 1685 crucis
1260 1651 1304 1685 et
1317 1645 1418 1685 vide
1431 1650 1478 1684 ut
1493 1658 1647 1685 sanum
1664 1646 1810 1698 sapias
1823 1644 1845 1686 '.

297 1720 385 1774 Qui
416 1717 639 1771 respondit
669 1729 774 1757 voce
807 1714 1043 1755 miserabili
1074 1714 1243 1755 dicens:
1278 1714 1343 1754 ‘N
1349 1713 1430 1764 on,'
1457 1713 1609 1766 inquit,
1641 1714 1844 1765 ‘insanio,

294 1798 361 1832 set
390 1789 624 1844 pessimam
656 1786 881 1827 scientiam
909 1790 1011 1825 ante
1039 1784 1182 1825 oculos
1214 1798 1336 1825 meos
1366 1783 1508 1825 habeo
1522 1782 1542 1825 '.
1606 1783 1746 1837 ‘Quid
1778 1790 1846 1825 est

292 1859 400 1910 hoc‚'
438 1858 553 1899 dixit
589 1870 679 1906 rex,
716 1855 842 1908 ‘quid
879 1861 944 1895 est
981 1854 1118 1895 hoc?’
1181 1853 1355 1903 ‘Certe,'
1397 1854 1511 1894 dixit
1552 1853 1671 1904 alius,
1712 1854 1844 1894 ‘iam-

294 1931 463 1984 pridem
504 1932 712 1967 venerunt
753 1925 839 1965 duo
880 1924 1023 1978 angeli
1066 1923 1343 1978 pulcherrimi
1384 1929 1429 1963 et
1470 1922 1673 1964 sederunt
1714 1924 1844 1964 michi

293 2014 402 2041 unus
442 1997 496 2037 ad
533 1996 672 2049 capud
709 2001 752 2035 et
788 1994 895 2035 alius
931 1993 1035 2049 [fol.
1073 1993 1177 2047 6362]
1213 1994 1268 2033 ad
1305 1994 1450 2046 pedeS,
1488 2000 1531 2033 et
1566 1994 1844 2046 protulerunt

293 2081 426 2110 unum
464 2079 647 2121 parvum
685 2064 878 2105 libellum
915 2070 958 2104 et
999 2069 1287 2117 porrexerunt
1329 2063 1458 2103 michi
1502 2063 1557 2103 ad
1599 2062 1842 2116 legendum.

296 2139 392 2192 Ego
437 2137 521 2190 legi
568 2135 627 2176 ibi
672 2135 821 2174 omnia
866 2133 982 2174 bona
1026 2145 1297 2186 quecumque
1349 2131 1547 2181 feceram,
1593 2138 1660 2172 set
1705 2146 1844 2186 pauca

294 2215 417 2250 erant
453 2207 594 2246 nimis.
657 2204 758 2257 Quo
794 2204 913 2244 facto
951 2203 1106 2243 librum
1147 2207 1439 2255 reposuerunt,
1477 2208 1522 2242 et
1558 2216 1657 2242 ecce
1693 2203 1840 2243 statim

292 2284 505 2319 venerunt
546 2276 757 2316 demones
799 2275 842 2314 in
884 2273 1067 2314 domum
1108 2273 1236 2312 istam
1279 2271 1507 2325 implentes
1547 2272 1751 2321 domum3
1797 2278 1842 2312 et

292 2361 399 2389 unus
422 2354 635 2400 tanquam
658 2344 865 2397 magister
887 2349 931 2382 et
961 2343 1161 2395 princeps
1191 2342 1343 2382 ceteris
1373 2340 1501 2381 altius
1532 2341 1613 2381 sibi
1645 2341 1839 2382 sedebat.

295 2418 420 2459 Unus
455 2423 603 2457 autem
639 2414 799 2454 demon
835 2413 1022 2453 surrexit
1059 2418 1103 2452 et
1140 2410 1318 2465 protulit
1354 2410 1511 2452 librum
1546 2423 1678 2451 unum
1713 2424 1843 2464 supra

293 2488 470 2529 modum
499 2497 720 2539 magnum,
744 2483 1040 2536 ponderosum
1072 2487 1115 2522 et
1146 2480 1410 2530 horribilem,
1434 2487 1478 2521 et
1506 2480 1703 2534 porrexit
1732 2480 1836 2521 mihi

291 2558 345 2598 ad
379 2556 626 2610 legendum.
692 2553 751 2593 Et
781 2567 879 2593 ecce
910 2552 992 2605 legi
1026 2552 1085 2592 ibi
1115 2552 1263 2592 omnia
1294 2551 1409 2591 mala
1442 2564 1540 2591 mea
1569 2562 1840 2603 quecumque

292 2626 478 2667 feceram
511 2625 567 2666 ab
603 2622 814 2672 infancia;
852 2635 938 2662 non
973 2622 1110 2662 solum
1143 2634 1274 2673 opera
1308 2619 1421 2660 mala
1455 2633 1539 2673 que
1570 2619 1757 2660 feceram
1794 2625 1837 2659 et

290 2693 421 2734 verba
463 2692 578 2732 mala
614 2704 699 2743 que
738 2689 904 2730 locutus
944 2688 1125 2737 fueram,
1163 2701 1312 2727 verum
1353 2688 1483 2727 etiam
1525 2686 1835 2727 minutissimas

291 2763 583 2816 cogitaciones
609 2759 652 2800 in
677 2759 832 2813 quibus
857 2771 1148 2812 peccaveram.
1211 2755 1401 2810 Quando
1422 2757 1613 2809 legeram
1636 2755 1835 2796 videlicet

292 2837 500 2884 quantum
531 2829 748 2877 volebant,
777 2828 943 2882 accepit
973 2828 1128 2869 librum
1156 2841 1181 2867 3
1212 2840 1280 2867 me
1307 2833 1349 2867 et
1375 2826 1489 2867 dixit
1518 2825 1587 2865 ille
1615 2826 1687 2878 qui
1717 2824 1835 2864 vide-

291 2901 416 2942 batur
449 2901 552 2941 mihi
587 2900 795 2952 magister
827 2904 871 2939 et
903 2899 1100 2952 princeps
1132 2910 1281 2937 eorum
1314 2897 1369 2936 ad
1404 2895 1582 2949 angelos
1616 2894 1731 2948 apud
1764 2906 1835 2933 me
