2052 3278
317 231 394 271 106
747 230 941 270 LIBER
974 229 1425 271 EXEMPLORUM

309 346 557 399 respondit:
593 345 730 399 ‘Quia
760 359 847 386 non
878 359 973 386 sum
1006 350 1229 398 compater
1259 359 1396 399 capre,
1418 358 1497 385 nec
1528 344 1660 384 filium
1682 342 1770 382 eius
1801 342 1856 382 de

311 415 431 455 fonte
452 414 587 455 levavi
604 414 622 455 ’.
672 414 760 456 Sed
777 428 875 455 cum
900 420 1118 455 accusatus
1140 414 1239 455 inde
1260 429 1284 454 a
1305 414 1446 454 vicino
1467 426 1593 466 super
1614 411 1853 465 sepulcrum

311 485 449 524 sancti
473 484 637 525 Macuti
657 484 928 524 iureiurando
949 484 1024 524 sed
1047 484 1274 537 purgando
1296 489 1474 537 pararet,
1492 495 1621 536 capra
1637 494 1694 521 ex
1710 486 1858 520 ventre

312 554 493 593 iurantis
516 566 621 593 voce
643 565 805 606 magna
825 553 1041 602 clamavit,
1063 558 1107 593 et
1128 553 1475 593 hocmiraculum
1498 552 1541 592 in
1565 556 1661 591 tota
1683 549 1855 603 regione

310 622 382 662 illa
402 628 467 663 est
489 622 767 675 divulgatum.
832 622 1025 676 Explicit
1041 622 1488 676 exemplum.--Sane
1508 621 1541 661 si
1563 619 1752 661 advertis
1773 619 1856 659 hoc

311 691 576 744 exemplum,
600 691 703 744 quid
718 690 730 713 ¹
755 692 895 733 minus
916 692 1134 745 portendit
1155 692 1253 745 [fol.
1274 691 1374 747 92b]
1396 704 1526 745 quam
1549 691 1644 739 hoc,
1661 688 1858 729 videlicet

312 761 426 814 quod
468 761 703 815 periurium
737 767 858 802 tuum
901 762 943 802 in
987 762 1057 803 die
1097 762 1239 803 iudicii
1281 760 1515 802 clamabit2
1545 764 1698 800 contra
1734 763 1776 798 te
1815 757 1858 797 in

312 831 609 872 testimonium
630 831 959 884 dampnacionis
981 838 1051 872 tue
1068 836 1084 872 ?

100 909 232 948 G.E.‚1‚
250 909 285 940 lii
400 900 521 954 (183)
553 901 747 942 Tertium
780 901 1054 942 nihilominus
1086 901 1337 954 exemplum
1361 900 1485 940 huius
1517 897 1679 953 peccati
1700 895 1859 950 suggil-

99 952 144 995 (p'
165 954 248 994 157)·
313 970 446 1010 latum
468 972 510 1010 in
528 970 684 1010 eodem
706 971 748 1010 in
769 970 849 1011 hec
870 970 1000 1011 verba
1021 971 1226 1024 scriptum
1247 975 1319 1011 est.
1383 968 1663 1022 Reymundo,
1686 966 1859 1007 comitis

313 1039 490 1080 Ricardi
531 1041 573 1080 in
618 1039 827 1081 Hibernia
867 1039 1196 1088 constabulario,
1236 1052 1333 1080 cum
1377 1039 1541 1079 iuvenis
1581 1036 1759 1090 quidam
1802 1034 1858 1075 de

313 1108 477 1150 familia
508 1123 584 1149 sua
616 1108 775 1149 ferreas
804 1123 953 1150 ocreas
987 1109 1238 1158 sustulisset,
1271 1115 1363 1149 tota
1395 1108 1585 1148 eiusdem
1618 1105 1781 1147 familia
1814 1105 1857 1144 in

314 1179 493 1219 ecclesia
513 1184 662 1219 sancte
688 1179 912 1219 Trinitatis
946 1179 1152 1220 Dublinie
1178 1192 1303 1231 super
1333 1190 1500 1218 crucem
1528 1177 1752 1230 prefatam,
1776 1175 1861 1215 scil.

314 1247 421 1288 illius
462 1248 649 1297 ecclesie,
683 1248 739 1288 ab
775 1247 858 1288 hoc
893 1248 1080 1288 facinore
1116 1253 1384 1288 sacramento
1415 1260 1461 1287 se
1492 1246 1700 1300 purgavit.
1766 1243 1859 1283 Nec

313 1318 448 1358 multo
487 1322 585 1371 post
620 1318 783 1358 iuvenis
821 1316 891 1357 ille
931 1315 1161 1371 [reversus]
1201 1316 1256 1357 ab
1292 1315 1456 1369 Anglia
1491 1328 1578 1368 quo
1612 1317 1856 1359 secesserat,

312 1387 487 1427 nemine
508 1386 563 1426 de
584 1387 680 1439 ipso
702 1387 782 1426 hoc
802 1387 1056 1438 suspicante,
1079 1385 1135 1425 ad
1169 1385 1299 1438 pedes
1336 1384 1585 1436 Reymundi
1608 1382 1860 1423 macilentus

313 1461 355 1495 et
396 1456 525 1496 miser
565 1469 610 1496 se
659 1456 900 1508 prostravit,
940 1456 994 1495 de
1034 1454 1196 1495 scelere
1238 1459 1484 1507 perpetrato
1523 1451 1861 1492 satisfactionem

315 1524 498 1565 offerens
538 1531 582 1565 et
621 1526 793 1565 veniam
835 1531 1001 1578 petens.
1070 1523 1305 1565 Confessus
1347 1529 1412 1563 est
1453 1522 1591 1562 eciam
1634 1520 1776 1574 palam
1818 1524 1862 1559 et

316 1594 483 1647 publice
518 1607 564 1634 se
600 1598 767 1634 tantam
804 1607 829 1633 a
861 1606 984 1634 cruce
1017 1606 1267 1646 perpessum
1302 1591 1430 1632 fuisse
1451 1590 1799 1644 persecucionem
1821 1593 1864 1627 et

317 1670 415 1717 post
447 1664 677 1717 periurium
711 1676 881 1717 semper
913 1664 952 1703 ei
985 1664 1028 1703 in
1062 1662 1173 1702 collo
1194 1675 1291 1702 cum
1312 1662 1432 1714 gravi
1466 1660 1654 1714 pondere
1687 1658 1865 1699 iacuisse

316 1734 532 1774 videretur
564 1734 625 1774 ita
658 1739 703 1773 ut
735 1747 813 1774 nec
846 1732 1125 1787 postmodum
1163 1732 1353 1772 dormire
1388 1744 1467 1771 nec
1508 1729 1698 1783 requiem
1734 1727 1863 1769 ullam

316 1802 478 1844 habere
498 1804 716 1856 potuisset.

106 1875 189 1907 Ibid.
210 1875 253 1917 (p.
405 1873 526 1925 (184)
562 1872 613 1912 In
636 1872 823 1926 legenda
846 1885 1018 1925 quoque
1040 1871 1155 1912 beati
1175 1870 1376 1910 Nicholai
1396 1870 1452 1909 de
1469 1869 1660 1922 quodam
1678 1867 1867 1907 invenies

107 1921 191 1961 ¹⁵6)'
318 1942 418 1995 qui3
450 1942 703 1994 peccuniam
739 1946 932 1981 mutuam
955 1955 980 1981 a
1001 1939 1194 1994 quodam
1221 1940 1355 1980 ludeo
1387 1939 1565 1992 accepit,
1588 1938 1655 1978 cui
1687 1936 1863 1976 beatum

320 2010 580 2051 Nicholaum
621 2010 917 2051 fideiussorem
953 2010 1074 2050 dedit
1113 2016 1157 2050 et
1187 2010 1276 2050 eius
1311 2008 1458 2051 altare.
1522 2008 1728 2048 Processu
1764 2019 1866 2046 vero

318 2081 538 2133 temporis,
592 2080 787 2120 terminis
841 2079 1007 2132 elapsis,
1053 2079 1186 2119 Iudeo
1237 2078 1462 2132 pecuniam
1512 2090 1610 2117 cum
1662 2077 1868 2116 instantia

320 2155 550 2203 repetente,
592 2149 763 2190 debitor
799 2149 867 2189 ille
904 2148 1124 2202 respondit
1159 2148 1449 2188 fraudulenter
1481 2160 1527 2187 se
1559 2147 1598 2187 ei
1638 2145 1866 2200 pecuniam

321 2219 569 2259 reddidisse.
623 2218 709 2272 Qui
731 2232 828 2258 cum
849 2219 903 2259 ad
926 2218 1063 2258 altare
1085 2219 1220 2258 sancti
1244 2217 1446 2257 Nicholai
1474 2222 1636 2257 astaret
1657 2217 1869 2256 iuraturus

322 2301 448 2341 super
467 2287 601 2328 altare
623 2288 704 2328 hoc
724 2301 872 2328 verum
895 2301 999 2336 esse,
1017 2287 1217 2327 baculum
1235 2300 1359 2326 suum
1377 2287 1443 2326 cui
1461 2285 1645 2326 totidem
1668 2285 1870 2325 denarios

322 2358 433 2398 clam
455 2358 693 2398 inseruerat
718 2357 854 2397 Iudeo
875 2357 1064 2406 astanti‚4
1085 2357 1187 2396 dum
1210 2356 1376 2405 iuraret,
1392 2355 1543 2396 dolose
1558 2353 1612 2395 ad
1632 2353 1868 2395 tenendum

324 2428 446 2468 dedit
482 2434 526 2467 et
565 2427 625 2467 sic
666 2427 820 2466 iuravit
860 2439 906 2466 se
946 2426 1147 2466 denarios
1190 2426 1227 2475 ei
1277 2425 1527 2465 reddidisse.
1610 2423 1711 2477 Quo
1753 2423 1868 2464 facto

323 2497 576 2537 redeuntem
599 2495 717 2536 illum
741 2509 840 2535 cum
862 2496 1024 2548 gaudio
1055 2501 1267 2547 tanquam
1290 2508 1334 2534 re
1356 2494 1465 2534 bene
1485 2498 1620 2547 gesta,
1641 2506 1739 2533 cum
1760 2492 1872 2533 forte

322 2567 612 2607 obdormisset
645 2567 686 2605 in
722 2566 805 2615 via,
829 2578 998 2605 carrum
1031 2563 1197 2604 fortiter
1219 2570 1420 2604 onustum
1453 2563 1744 2617 pertransiens
1773 2575 1871 2602 eum

325 2636 548 2689 oppressit,
583 2634 781 2676 baculum
817 2647 1000 2687 quoque,
1024 2634 1097 2686 qui
1132 2634 1254 2673 iuxta
1288 2632 1405 2673 illum
1437 2632 1618 2682 iacebat,
1647 2630 1873 2684 confregit,

325 2705 513 2744 denariis
534 2704 811 2744 exilientibus
834 2704 907 2756 qui
930 2703 1101 2743 fuerunt
1123 2703 1283 2743 inserti.
1338 2702 1396 2742 Et
1414 2703 1473 2742 sic
1487 2703 1681 2742 vindicta
1696 2701 1871 2754 periurii

326 2773 544 2813 declarata
586 2778 629 2813 et
672 2771 825 2813 fraude
867 2772 1039 2812 detecta
1079 2772 1267 2812 denariis
1298 2785 1472 2824 quoque
1507 2771 1641 2811 ludeo
1681 2769 1872 2818 redditis,

333 2843 489 2883 iudeus
513 2843 615 2896 ipse,
637 2844 728 2883 viso
763 2842 966 2882 miraculo
1000 2848 1135 2890 tanto,
1158 2842 1213 2882 ad
1250 2841 1379 2882 fidem
1404 2854 1499 2881 cum
1522 2846 1616 2881 tota
1650 2838 1747 2892 [fol.
1770 2837 1874 2892 9312]

456 2938 466 2958 1
482 2939 557 2971 MS.
585 2938 622 2970 si.
755 2937 768 2957 2
781 2939 855 2969 MS.
880 2937 1057 2969 clamabat.
1192 2937 1204 2956 3
1217 2937 1291 2968 MS.
1318 2936 1337 2967 i.
1473 2936 1485 2955 ⁴
1501 2921 1575 2967 M's.
1602 2934 1741 2965 affatim.
