2052 3278
84 444 166 475 Vita
183 445 218 476 S.

88 488 184 519 Ioan.

87 531 228 568 Eleem„

85 584 157 615 cap.
176 574 232 612 vii,

86 618 129 649 cf.
146 618 243 654 V.P.‚

87 661 100 691 I
121 661 163 703 (p.
184 662 269 703 189).

297 196 352 238 74
733 188 925 228 LIBER
960 188 1412 231 EXEMPLORUM

296 303 383 342 vita
422 304 559 343 sancti
602 302 809 343 Iohannis
852 304 1096 357 patriarche
1132 304 1437 355 Alexandrini,
1476 306 1546 358 qui
1583 310 1626 345 et
1667 312 1841 347 sanctus

301 372 515 412 Iohannes
550 373 875 413 elemosinarius
909 387 996 413 non
1030 374 1231 415 inmerito
1264 382 1543 428 nuncupatur.

387 442 504 491 (125)
542 441 668 481 Nunc
701 448 846 481 autem
882 442 1062 481 occurrit
1092 442 1341 496 exemplum
1376 444 1590 497 optimum
1626 442 1681 483 de
1712 443 1841 483 Petro

298 509 533 550 teloneario
563 510 619 550 de
651 524 734 563 quo
765 511 961 551 scribitur
994 509 1036 551 in
1074 513 1163 552 vita
1199 512 1300 552 dicti
1337 513 1484 563 sancti,
1516 512 1601 552 scil.
1637 512 1842 552 Iohannis

298 578 554 631 patriarche,
576 580 618 619 in
639 578 752 619 hunc
776 580 970 621 modum.
1036 580 1156 631 Erat,
1181 581 1328 634 inquit,
1353 582 1642 621 thelonearius
1661 581 1839 634 quidam

300 647 448 687 Petrus
479 649 656 688 nomine
689 649 845 689 multas
876 648 1041 689 habens
1072 651 1283 702 pecunias,
1310 657 1375 691 set
1399 651 1524 690 valde
1555 649 1844 690 inmisericors

297 721 340 755 et
378 717 506 756 nimis
543 731 710 759 avarus,
775 717 924 759 Semel
960 731 1063 771 ergo
1099 719 1346 759 sedentibus
1383 720 1424 759 in
1462 719 1549 759 sole
1585 719 1843 772 pauperibus

299 792 341 825 et
371 785 716 828 calefacientibus
748 801 804 837 se,
837 788 1079 828 collaudare
1111 795 1319 841 ceperunt
1353 789 1507 829 domos
1544 789 1737 829 omnium
1773 789 1844 841 qui

298 856 357 895 eis
398 854 659 896 elemosinas
701 857 959 907 tribuebant,
998 858 1094 898 illos
1134 864 1278 898 autem
1321 858 1564 911 vituperare
1604 857 1674 899 ubi
1714 856 1844 897 nichil

298 932 561 977 acceperant.
639 926 758 967 Dum
800 928 858 967 sic
900 927 1193 968 fabularentur
1233 933 1275 967 et
1316 941 1458 968 secum
1501 933 1732 980 quererent
1772 927 1845 979 qui

298 1001 442 1034 essent
480 995 672 1046 benefici,
715 998 786 1050 qui
832 999 959 1047 avari,
1009 998 1125 1038 Petri
1171 998 1394 1038 telonearii
1444 1011 1601 1037 nomen
1641 998 1757 1037 venit
1802 998 1844 1037 in

299 1064 505 1106 medium.
570 1064 629 1105 Et
665 1067 862 1107 omnibus
898 1081 944 1107 se
979 1068 1162 1107 invicem
1198 1067 1572 1120 interrogantibus,
1607 1067 1748 1107 nullus
1784 1067 1845 1107 in-

299 1139 452 1173 ventus
485 1140 550 1174 est
581 1135 815 1187 aliquando
847 1136 902 1175 de
935 1136 1070 1176 domo
1102 1135 1214 1176 illius
1244 1135 1404 1188 aliquid
1437 1137 1664 1189 accepisse.
1726 1136 1845 1176 Dicit

299 1216 405 1256 ergo
445 1216 554 1244 unus
590 1218 647 1244 ex
683 1206 767 1246 eis:
813 1205 955 1259 ‘Quid
999 1205 1105 1245 mihi
1146 1205 1306 1245 dabitis
1342 1206 1376 1244 si
1413 1218 1496 1258 ego
1532 1205 1664 1246 hodie
1700 1205 1755 1245 ab
1792 1218 1845 1245 eo

299 1273 460 1326 aliquid
492 1273 807 1314 benediccionis
838 1273 1104 1327 accipiam?'
1168 1273 1227 1314 Et
1260 1274 1340 1314 illis
1374 1287 1470 1314 cum
1505 1288 1556 1314 eo
1590 1274 1845 1315 facientibus

299 1343 594 1395 sponsionem,
618 1344 738 1384 venit
760 1343 816 1383 ad
839 1349 1009 1395 portam
1033 1343 1193 1392 divitis,
1218 1349 1261 1383 et
1284 1349 1405 1383 stans
1428 1343 1539 1384 illius
1561 1343 1847 1397 exspectabat

300 1412 547 1452 adventum.
613 1412 810 1464 Contigit
842 1418 987 1452 autem
1021 1417 1069 1452 ut
1102 1413 1245 1452 asinus
1277 1412 1441 1452 veniret
1472 1412 1682 1453 honustus
1713 1426 1848 1466 panes

300 1481 497 1521 deferens
540 1482 580 1521 in
623 1481 803 1522 domum
845 1482 945 1522 eius.
1015 1481 1184 1521 Eadem
1227 1482 1334 1522 hora
1374 1483 1619 1535 supervenit
1660 1488 1703 1523 et
1745 1483 1845 1536 ipse.

300 1549 554 1603 Vidensque
587 1564 823 1604 pauperem
857 1557 901 1591 et
933 1551 1165 1604 indignans
1198 1564 1295 1591 cum
1329 1551 1516 1604 lapidem
1549 1565 1638 1591 non
1669 1550 1850 1592 haberet

301 1620 355 1659 ad
379 1632 569 1669 manum,
593 1634 751 1673 panem
778 1633 911 1660 unum
938 1621 1116 1673 proiecit
1144 1621 1187 1660 in
1214 1634 1459 1673 pauperem.
1522 1620 1666 1674 Quem
1687 1634 1850 1674 pauper

301 1690 512 1743 accipiens
544 1690 764 1731 festinavit
795 1691 849 1730 ad
883 1691 1035 1739 socios,
1068 1703 1228 1742 panem
1261 1690 1496 1730 ostendens
1529 1697 1573 1731 et
1603 1697 1851 1731 constanter

302 1772 497 1799 asserens
526 1760 642 1812 quod
673 1760 791 1800 illum
821 1774 878 1800 ex
907 1761 1035 1813 ipsius
1066 1759 1183 1800 Petri
1209 1759 1408 1800 manibus
1434 1761 1680 1813 accepisset.
1743 1761 1850 1801 Post

302 1829 411 1868 duos
447 1828 540 1869 dies
578 1831 792 1883 egrotavit
828 1829 949 1869 dives
985 1842 1120 1881 usque
1156 1828 1212 1868 ad
1248 1835 1451 1878 mortem,
1489 1836 1533 1869 et
1568 1830 1610 1869 in
1651 1832 1848 1883 sompnis

302 1898 412 1938 vidit
449 1913 496 1938 se
536 1906 704 1952 raptum
753 1906 854 1939 ante
898 1899 1087 1938 tribunal
1134 1897 1294 1939 Christi
1340 1904 1383 1939 et
1429 1904 1626 1938 coactum
1673 1899 1852 1940 reddere

304 1968 528 2009 rationem.
592 1968 673 2010 Sta
687 1968 788 2022 [fol.
827 1968 1049 2021 70b]bant
1090 1968 1159 2008 hic
1201 1968 1345 2007 Mauri
1389 1967 1609 2017 terribiles,
1651 1968 1723 2021 qui
1764 1969 1853 2009 vite

303 2036 392 2077 eius
434 2037 587 2078 seriem
631 2038 686 2079 ab
727 2037 915 2078 infancia
958 2043 1256 2077 recenscentes
1297 2037 1419 2090 quasi
1461 2038 1503 2076 in
1540 2043 1702 2077 statera
1739 2037 1852 2078 mala

304 2108 393 2147 eius
431 2107 693 2160 appendunt.
759 2107 849 2147 Illic
885 2112 1077 2147 astantes
1115 2107 1191 2146 viri
1232 2106 1445 2159 splendidi
1487 2105 1604 2146 illum
1646 2107 1854 2147 adiuvare

305 2179 507 2227 nituntur,
544 2183 588 2217 et
624 2177 902 2230 querentibus
939 2177 1041 2229 quid
1078 2183 1227 2217 contra
1265 2176 1401 2216 malos
1434 2182 1554 2216 actus
1587 2176 1851 2229 appendant,

306 2248 409 2288 dicit
452 2260 562 2287 unus
605 2261 662 2287 ex
706 2248 789 2288 eis:
841 2247 1031 2300 ‘Utique
1075 2247 1143 2287 hic
1190 2246 1294 2286 nihil
1341 2246 1552 2287 habemus
1595 2247 1677 2286 nisi
1719 2260 1851 2287 unum

305 2330 464 2370 panem
508 2330 637 2369 quem
680 2323 781 2357 ante
822 2317 1001 2357 biduum
1042 2316 1097 2357 ab
1137 2316 1221 2356 isto
1261 2329 1422 2369 pauper
1460 2317 1637 2369 accepit.
1722 2316 1853 2356 Hunc

306 2401 402 2427 cum
436 2401 523 2427 non
555 2401 612 2427 ex
644 2387 866 2427 voluntate
887 2386 1019 2435 dedit,
1042 2387 1118 2426 sed
1152 2386 1248 2435 quia
1280 2399 1355 2438 per
1388 2386 1494 2425 iram
1530 2384 1674 2435 (sz'c).’1
1741 2386 1854 2426 Mox

308 2456 429 2510 panis
474 2456 662 2496 mittitur
704 2456 746 2496 in
793 2462 999 2496 stateram
1046 2461 1090 2494 et
1132 2454 1291 2494 facturn
1341 2461 1406 2494 est
1454 2454 1622 2507 pondus
1673 2455 1855 2508 equale.2

309 2526 431 2566 Tunc
473 2526 622 2566 dicunt
663 2525 936 2565 theloneario
981 2524 1041 2564 hii
1083 2525 1154 2577 qui
1195 2523 1284 2564 eius
1326 2524 1545 2564 adiutores
1586 2525 1853 2565 extiterant:

310 2595 460 2635 ‘Vade
496 2601 539 2635 et
576 2594 739 2635 amodo
772 2595 867 2635 vive
903 2594 1140 2634 secundum
1176 2594 1255 2633 hoc
1288 2594 1403 2646 quod
1438 2594 1595 2633 docere
1627 2599 1672 2633 te
1709 2600 1855 2647 potest

310 2666 432 2718 panis
484 2664 731 2705 huiusmodi
781 2664 942 2704 utilitas
957 2664 976 2704 '.
1060 2663 1285 2716 Evigilans
1336 2676 1440 2715 ergo
1491 2669 1534 2702 et
1579 2664 1634 2703 de
1678 2664 1854 2703 visionis

309 2735 487 2775 horrore
520 2734 770 2787 perterritus
803 2734 914 2787 cepit
947 2732 1160 2786 suspirare
1192 2739 1235 2774 et
1266 2745 1440 2786 gernere
1472 2732 1700 2773 sollicitam
1733 2745 1852 2773 men—

311 2810 397 2843 tem
431 2810 706 2856 pertractans,
741 2808 900 2855 quanta
930 2807 1116 2856 peccata,
1149 2815 1279 2855 quam
1310 2815 1410 2842 vera
1443 2803 1481 2841 ei
1514 2802 1628 2842 mala
1659 2801 1856 2855 ethiopes

543 2898 554 2917 1
567 2899 642 2930 MS.
662 2898 773 2930 There
789 2899 817 2930 is
834 2898 1002 2939 evidently
1021 2908 1040 2929 a
1056 2899 1177 2929 lacuna
1195 2898 1284 2930 here.
1419 2897 1431 2916 2
1443 2899 1517 2929 MS.
1537 2897 1621 2939 eqie.
