2052 3278
339 221 393 271 48
764 218 957 259 LIBER
990 217 1443 260 EXEMPLORUM

339 334 453 376 est’:
487 333 618 386 ‘Cur‚’
652 334 813 388 inquid,
839 334 937 375 ‘illo
968 334 1102 374 divite
1133 333 1201 374 hic
1232 347 1394 388 pauper
1425 338 1518 375 est?
1580 332 1762 373 Amicus
1790 346 1879 374 non

339 412 404 446 est
426 405 498 458 qui
519 404 690 445 fortune
711 405 927 458 particeps
949 417 1036 444 non
1060 403 1151 446 est.'
1214 403 1410 457 Explicit
1432 402 1696 456 exemplum.

874 517 960 571 [De
989 517 1151 558 clericis
1181 517 1339 571 malis]

125 617 205 648 Vita
223 617 261 648 Β.
424 610 518 662 (83)
559 609 739 662 Legitur
779 610 821 649 in
859 609 950 649 vita
984 609 1099 649 beati
1137 609 1309 649 Thome
1346 607 1545 656 martiris,
1582 606 1699 660 quod
1736 606 1876 648 clerici

127 660 297 745 {4223ssss
339 678 442 719 mali
470 685 513 718 et
541 678 772 718 insolentes
802 679 1052 732 prestabant
1080 691 1287 732 magnam
1317 678 1584 719 occasionem
1619 675 1876 716 dissensioni

337 761 421 801 que
454 753 572 788 mota
602 753 694 787 erat
726 749 837 788 inter
868 748 1011 800 ipsum
1039 753 1082 788 et
1109 759 1254 800 regem
1276 746 1519 800 Anglorum
1552 758 1680 798 super
1708 745 1878 785 ecclesi—

337 817 488 866 astico,
509 823 553 857 et
575 816 735 857 idcirco
756 816 918 858 ibidem
940 816 1145 870 scriptum
1168 822 1234 857 est
1255 816 1369 869 quod
1395 815 1464 856 isti
1484 815 1624 855 clerici
1645 814 1877 855 insolentes

337 892 380 927 et
402 886 503 926 mali
525 900 611 927 non
634 892 734 927 sunt
755 886 896 927 clerici
919 891 983 926 set
1004 886 1194 926 coronati
1217 885 1439 927 demones.

121 962 221 1000 G.E.‚
241 964 266 1001 Ι,
422 956 515 1008 (84)
550 955 600 995 In
617 955 725 996 libro
743 968 915 1008 quoque
928 955 1000 1008 qui
1012 955 1169 995 dicitur
1183 953 1370 995 Gemma
1383 953 1676 995 Sacerdotalis
1691 952 1877 1006 reperies

121 1050 206 1092 136).
242 1033 249 1041 ”
331 1038 461 1078 super
501 1024 583 1065 hac
624 1025 803 1065 materia
839 1024 920 1064 hoc
955 1024 1220 1077 exemplum.
1287 1023 1527 1077 Episcopus
1564 1021 1873 1063 Ambianensis

332 1094 550 1135 Robertus
574 1094 631 1135 de
664 1093 879 1143 Camera,1
906 1094 970 1134 vir
1003 1094 1174 1146 sapiens
1208 1099 1252 1134 et
1284 1099 1469 1143 sanctus,
1504 1092 1674 1133 cuidam
1706 1091 1875 1132 decano

329 1174 406 1201 suo
438 1160 662 1215 respondit
695 1174 773 1214 pro
806 1160 1076 1213 quibusdam,
1111 1173 1220 1213 quos
1252 1160 1291 1200 ei
1328 1159 1590 1200 ordinandos
1620 1159 1872 1212 optulerat‚2

329 1230 493 1283 petenti
515 1231 558 1270 in
580 1230 693 1270 hunc
721 1229 926 1270 modum:
961 1228 1208 1283 ‘Magnam
1235 1228 1395 1282 inquid,
1423 1229 1703 1270 elemosinam
1730 1228 1874 1269 facere

329 1300 511 1352 potestis
535 1299 637 1352 quia
660 1312 748 1339 non
773 1298 938 1339 habent
964 1298 1092 1338 aliam
1124 1297 1433 1350 warysonam'.
1508 1298 1587 1339 Cui
1616 1298 1870 1352 episcopus:

334 1368 402 1410 ‘Si
424 1374 601 1422 propter
620 1367 876 1418 animarum,
899 1367 1061 1417 inquid,
1084 1367 1343 1407 warisonam
1372 1367 1455 1407 hoc
1487 1373 1684 1420 peterent
1712 1374 1754 1408 et
1783 1380 1870 1408 non

330 1450 559 1491 corporum
590 1437 847 1490 optinerent.
909 1436 1034 1477 Nunc
1061 1442 1205 1477 autem
1235 1450 1293 1476 ex
1320 1449 1407 1489 quo
1432 1437 1488 1477 ad
1518 1438 1758 1491 corporalia
1788 1437 1870 1478 hoc

327 1507 527 1557 referunt,
557 1513 600 1548 et
630 1506 884 1560 temporalia
916 1519 1005 1546 non
1034 1506 1296 1559 optine[s0l.
1320 1509 1416 1558 52a]
1431 1506 1540 1548 bunt
1567 1506 1672 1560 quia
1700 1507 1870 1560 indigni

326 1577 451 1617 sunt.'

116 1653 254 1692 1bid.‚1i
415 1645 507 1698 (85)
541 1645 610 1685 De
639 1644 800 1685 clericis
832 1645 964 1685 etiam
996 1644 1038 1684 in
1073 1645 1229 1685 eodem
1263 1644 1345 1685 hoc
1376 1644 1632 1698 exemplum
1664 1645 1870 1699 scriptum

115 1696 262 1739 (p.148).
327 1720 404 1756 est.
457 1714 700 1754 Monachus
723 1715 766 1754 in
790 1713 988 1754 Marchia
1006 1713 1164 1754 Wallie
1184 1713 1302 1767 apud
1321 1713 1627 1754 Monemutam
1644 1714 1700 1754 de
1721 1720 1872 1755 sancta

327 1783 542 1824 Trinitate
562 1783 690 1824 nimis
711 1783 863 1823 acriter
883 1789 927 1824 et
947 1781 1196 1836 frequenter
1215 1783 1439 1836 disputare
1460 1789 1752 1825 consueverat.
1783 1783 1869 1837 Qui

326 1853 590 1907 aliquociens
621 1852 860 1907 prohibitus
889 1866 914 1893 a
943 1853 1084 1907 priore
1114 1852 1420 1893 nichilominus
1447 1858 1595 1893 tamen
1617 1866 1749 1906 prave
1769 1866 1871 1894 con-

327 1923 541 1964 suetudini
579 1936 746 1963 morem
783 1935 951 1976 gerens,
987 1936 1087 1962 cum
1121 1935 1295 1976 vespere
1328 1922 1518 1975 quodam
1552 1935 1680 1975 super
1712 1922 1870 1963 eadem

327 1991 584 2033 formidabili
604 1991 661 2032 de
681 1997 828 2032 sancta
850 1991 1065 2032 Trinitate
1090 1992 1282 2042 materia,
1313 1991 1367 2031 de
1399 2004 1678 2044 personarum
1708 1991 1869 2032 scilicet

326 2062 568 2115 pluralitate
590 2068 633 2102 et
655 2060 904 2101 diversitate
925 2066 968 2101 et
987 2060 1278 2113 ydemptitate
1300 2060 1542 2102 substantie
1561 2061 1689 2101 nimis
1716 2061 1870 2102 acerbe

326 2131 576 2184 disputaret,
599 2143 724 2171 mane
745 2129 863 2171 facto
885 2144 931 2170 se
951 2130 1188 2171 litterarum
1211 2130 1407 2170 omnium
1428 2136 1658 2183 expertem
1679 2130 1866 2171 invenit:

326 2213 506 2254 quarum
527 2199 663 2241 eciam
685 2200 893 2241 noticiam
926 2214 1005 2240 nec
1031 2205 1125 2241 toto
1155 2199 1242 2240 vite
1269 2213 1346 2240 suo
1373 2199 1544 2240 residuo
1572 2200 1868 2254 recuperavit.3

112 2281 152 2311 In
166 2279 308 2321 antiquo
415 2271 506 2324 (86)
543 2271 697 2311 Monet
717 2276 860 2311 autern
882 2269 1056 2310 clericos
1076 2283 1131 2310 ne
1151 2270 1236 2310 sint
1265 2269 1501 2310 maiestatis
1531 2276 1869 2322 perscrutatores

111 2334 278 2356 sermone.
327 2339 576 2394 exemplum
599 2339 822 2393 quoddam
843 2339 959 2392 quod
986 2339 1028 2378 in
1055 2339 1234 2392 antiquo
1264 2338 1452 2391 quodam
1483 2352 1682 2379 sermone
1712 2339 1865 2392 reperi,

325 2411 440 2464 quod
462 2416 506 2451 et
529 2416 658 2450 antea
686 2408 930 2462 frequenter
957 2407 1189 2449 audieram.
1252 2407 1368 2449 Sane
1399 2408 1647 2462 exemplum
1671 2409 1753 2449 hoc
1784 2417 1861 2452 est.

325 2480 435 2522 Cum
458 2480 663 2533 magister
685 2477 971 2518 Lanifrancus
989 2477 1123 2518 semel
1140 2490 1268 2530 super
1286 2476 1498 2518 Secanam
1516 2479 1596 2518 iret
1610 2477 1864 2531 spaciatum,

323 2563 348 2590 a
370 2551 496 2590 sociis
518 2549 603 2589 suis
625 2547 938 2601 aliquantulum
960 2552 1163 2595 remotus,
1184 2553 1230 2586 ut
1252 2548 1487 2587 trinitatem
1509 2561 1794 2601 personarum
1821 2555 1865 2589 et

323 2620 534 2659 unitatem
556 2618 746 2658 essencie
765 2617 819 2657 ad
842 2617 1018 2670 plenum
1041 2615 1276 2670 intelligere
1298 2617 1590 2667 meditaretur,
1609 2618 1717 2658 vidit
1734 2630 1865 2671 quen-

323 2689 424 2729 dam
457 2701 640 2741 puerum
673 2699 770 2727 cum
810 2685 1041 2740 quod[am]
1080 2686 1261 2726 cocleari
1300 2686 1569 2727 haurientem
1610 2699 1766 2740 aquam
1808 2688 1865 2727 de

324 2757 492 2799 Secana
513 2759 555 2798 in
572 2757 803 2811 puteolum.
855 2756 1053 2810 Quesivit
1068 2756 1273 2809 magister
1288 2756 1389 2809 quid
1411 2762 1568 2809 ageret.
1620 2756 1863 2809 Respondit

322 2842 427 2882 puer
449 2828 564 2881 quod
586 2833 725 2868 totum
749 2826 961 2867 Secanam
987 2826 1173 2866 mitteret
1194 2826 1235 2865 in
1257 2825 1514 2868 fossiculam.
1579 2824 1707 2866 Dixit
1728 2824 1863 2879 magi-

549 2916 560 2936 1
573 2917 648 2948 MS.
668 2916 787 2948 Conia.
920 2914 933 2934 2
946 2915 1020 2946 MS.
1039 2915 1241 2957 optulerunt.
1373 2914 1386 2934 3
1398 2916 1471 2947 MS.
1491 2915 1629 2947 invenit.
