2052 3278
762 199 847 273 DE
882 232 1056 275 GULA
1622 243 1674 286 93

226 349 348 400 (154)
381 347 512 388 Aliud
542 346 791 400 exemplum
824 348 1012 389 terribile
1041 353 1191 389 contra
1221 347 1393 401 gulosos
1424 353 1467 387 et
1494 347 1537 387 in
1568 353 1677 387 tern-
1692 354 1791 402 Greg.

140 431 244 470 pore
293 431 379 458 non
431 415 600 457 debito1
650 430 708 456 ex
755 417 1064 458 consuetudine
1116 430 1297 471 pransos
1350 416 1478 457 refert
1528 415 1679 457 beatus
1692 396 1871 471 gssifi'iiiv’

144 486 378 539 Gregorius
411 487 453 525 in
485 486 625 538 primo
658 485 940 538 Dialogorum
972 487 1014 526 in
1045 486 1157 526 hunc
1189 485 1369 526 modum
1397 486 1563 526 dicens:
1600 484 1679 524 Est

139 556 271 595 etiam
298 568 409 595 nunc
434 555 549 607 apud
575 567 653 593 nos
676 553 984 594 Archanisius2
1013 555 1171 595 Isaurie
1193 555 1404 608 presbiter
1433 556 1503 608 qui
1531 554 1681 595 diebus

138 625 225 664 suis
269 624 402 664 Iconii
442 636 531 664 rem
573 623 808 663 terribilem-
848 630 992 664 narrat
1033 623 1234 665 evenisse.
1301 625 1364 665 Ibi
1401 638 1599 677 namque,
1637 630 1682 664 ut

141 694 211 742 ait,
246 693 466 746 quoddam
505 693 814 733 monasterium
852 693 1153 745 congabaton3
1189 693 1354 742 dicitur,
1392 694 1435 733 in
1471 707 1556 747 quo
1590 694 1681 746 qui-

143 762 246 802 dam
275 762 511 803 monachus
536 774 695 813 magne
719 761 1009 801 estimacionis
1036 761 1284 803 habebatur.
1349 763 1495 803 Bonus
1522 764 1682 816 quippe

143 831 331 873 moribus
371 830 634 880 cernebatur,
670 835 799 882 atque
840 830 882 870 in
923 832 1040 870 omni
1077 844 1153 870 sua
1188 833 1358 872 actione
1393 833 1682 885 compositus;

142 906 210 940 set
241 900 348 940 sicut
378 913 433 939 ex
456 899 541 939 fine
573 912 637 938 res
667 897 817 952 patuit,
849 897 977 951 longe
1008 899 1131 938 aliter
1161 912 1290 951 quam
1322 900 1560 952 apparebat
1586 900 1681 941 fuit.

145 968 260 1008 Nam
288 981 384 1008 cum
411 982 454 1008 se
479 968 664 1008 ieiunare
689 981 785 1007 curn
813 966 1009 1008 fratribus
1037 968 1356 1008 demonstraret
1382 968 1544 1008 occulte
1573 968 1679 1021 [fol.

144 1037 244 1090 83b]
278 1037 534 1077 manducare
566 1042 847 1076 consueverat
879 1037 992 1089 quod
1027 1036 1180 1077 fratres
1211 1038 1390 1078 omnino
1422 1037 1680 1078 nesciebant.

144 1106 234 1147 Sed
275 1105 466 1158 corporis
506 1105 831 1158 superveniente
877 1104 1084 1155 molestia,
1129 1105 1184 1146 ad
1227 1107 1314 1146 vite
1353 1113 1549 1147 extrema
1589 1121 1684 1160 pro-

143 1175 293 1215 ductus
330 1181 409 1216 est.
471 1174 556 1228 Qui
589 1188 685 1215 curn
718 1180 830 1215 esset
863 1175 948 1215 iarn
984 1175 1026 1216 in
1059 1175 1154 1225 fine,
1189 1176 1339 1217 fratres
1372 1177 1426 1217 ad
1459 1191 1504 1217 se
1536 1191 1684 1218 omnes

142 1244 215 1297 qui
251 1245 292 1284 in
330 1245 593 1285 monasterio
630 1250 754 1284 erant
792 1244 1042 1298 congregari
1084 1245 1196 1286 fecit.
1258 1247 1322 1287 At
1360 1246 1416 1286 illi
1449 1246 1523 1287 tali
1561 1249 1686 1287 mori-

142 1319 242 1353 ente
272 1314 366 1353 viro
399 1326 604 1366 magnum
637 1312 738 1366 quid
772 1327 820 1353 ac
852 1313 1107 1354 delectabile
1135 1328 1180 1354 se
1207 1315 1263 1356 ab
1291 1328 1342 1355 eo
1374 1315 1519 1356 audire
1552 1317 1686 1356 credi-

142 1383 306 1424 derunt.
368 1383 534 1436 Quibus
556 1383 647 1435 ipse
670 1381 854 1423 afflictus
876 1388 918 1423 et
940 1390 1128 1423 tremens
1151 1384 1396 1437 compulsus
1418 1390 1483 1425 est
1504 1385 1688 1439 prodere

142 1452 207 1491 cui
247 1451 360 1492 hosti
400 1452 578 1492 traditus
625 1452 744 1492 exire
791 1452 1035 1504 cogebatur.
1128 1453 1244 1493 Nam
1286 1453 1421 1494 dixit:
1476 1455 1688 1508 ‘Quando

144 1520 365 1561 vobiscum
398 1534 467 1560 me
500 1521 687 1560 ieiunare
718 1519 958 1560 credebatis
991 1520 1132 1560 oculte
1165 1522 1470 1572 comedebam3
1513 1529 1556 1563 et
1590 1537 1687 1564 ecce

145 1602 256 1629 nunc
299 1589 352 1629 ad
394 1589 690 1629 devorandum
734 1588 912 1629 draconi
954 1603 1047 1629 sum
1091 1590 1281 1639 traditus,
1323 1593 1395 1643 qui
1437 1593 1573 1632 cauda
1613 1607 1689 1634 sua

146 1673 244 1700 mea
274 1673 413 1712 genua
445 1658 664 1712 pedesque
693 1658 919 1712 colligavit,
951 1660 1089 1713 capud
1121 1673 1220 1700 vero
1251 1674 1373 1701 suum
1403 1661 1514 1702 intra
1543 1675 1686 1704 meum

144 1741 194 1768 os
226 1729 416 1778 mittens,
447 1729 642 1781 spiritum
676 1716 819 1768 meum
852 1727 1028 1769 ebibens
1060 1728 1272 1769 abstrahit
1285 1728 1305 1771 ¹.
1368 1729 1534 1783 Quibus
1565 1732 1688 1772 dictis

146 1798 292 1837 statim
329 1797 555 1837 defunctus
587 1804 661 1845 est,
696 1803 823 1850 atque
855 1803 901 1837 ut
932 1797 1170 1850 penitendo
1205 1797 1371 1839 liberari
1408 1801 1623 1852 potuisset,
1661 1815 1686 1841 a

147 1866 335 1906 dracone
370 1879 498 1919 quem
536 1866 703 1906 viderat
739 1871 1017 1920 exspectatus
1053 1880 1138 1906 non
1180 1874 1253 1908 est.
1316 1868 1445 1921 Quod
1487 1870 1686 1911 nimirum

146 1941 317 1975 constat
348 1936 445 1987 quia
474 1935 528 1975 ad
561 1934 697 1975 solam
729 1934 956 1975 utilitatem
988 1936 1257 1976 audiencium
1289 1938 1455 1986 viderit,
1487 1939 1558 1991 qui
1589 1953 1686 1980 eum

147 2005 314 2044 hostem
356 2006 420 2044 cui
461 2004 644 2044 traditus
686 2004 822 2044 fuerat
857 2011 901 2044 et
937 2005 1121 2045 innotuit
1157 2018 1241 2045 non
1278 2006 1427 2048 evasit.
1493 2007 1689 2061 Explicit

147 2072 692 2126 exemplum.--Quamvis
727 2072 808 2113 hoc
850 2073 904 2113 de
942 2073 1156 2115 monacho
1193 2082 1433 2116 memorato
1470 2076 1686 2127 referatur,

150 2142 249 2194 quia
286 2148 442 2190 tamen,
481 2143 515 2181 si
552 2142 706 2182 eodem
745 2142 877 2182 modo
914 2155 998 2194 quo
1034 2143 1237 2195 scriptum
1270 2150 1336 2183 est
1368 2143 1614 2197 proferatur,
1646 2152 1688 2187 et

149 2210 356 2263 religiosis
410 2212 490 2251 erit
540 2211 583 2250 in
641 2211 886 2251 scandalum
938 2216 981 2251 et
1030 2224 1116 2252 non
1167 2213 1247 2253 erit
1296 2213 1477 2254 multum
1528 2216 1689 2269 populo

150 2279 489 2329 edifficatorium,
528 2281 684 2320 idcirco
722 2285 865 2333 potest
897 2281 1016 2321 salva
1046 2282 1229 2322 veritate
1261 2284 1480 2335 quandam
1515 2285 1688 2326 brevem

149 2348 577 2389 transformacionem
612 2350 835 2402 suscipere,
871 2355 915 2390 et
947 2356 1047 2390 tunc
1078 2352 1169 2390 sine
1201 2352 1404 2393 scandalo
1440 2355 1688 2407 cuiusquam

150 2418 307 2470 poterit
352 2417 556 2470 populum
602 2417 833 2459 edifficare.
895 2417 1076 2459 Constat
1115 2426 1260 2459 autem
1302 2421 1416 2473 quod
1459 2421 1527 2462 hic
1569 2436 1689 2463 mon-

150 2486 281 2526 achus
322 2486 455 2526 homo
496 2492 586 2526 erat
626 2493 669 2526 et
705 2487 801 2527 ideo
838 2487 892 2527 de
927 2488 1118 2540 quodam
1154 2488 1332 2529 homine
1367 2496 1461 2530 tota
1498 2493 1690 2532 narracio

152 2557 336 2608 proponi
383 2557 552 2609 poterit.
628 2556 811 2598 Constat
855 2557 986 2598 etiam
1031 2559 1147 2611 quod
1193 2559 1367 2612 quando
1413 2574 1459 2600 se
1504 2561 1690 2602 ieiunare

151 2625 476 2672 demonstravit,
507 2631 608 2665 tunc
642 2626 828 2666 ieiunare
859 2625 1016 2676 debuit,
1047 2627 1239 2680 alioquin
1273 2629 1522 2682 ypocrisym
1555 2631 1690 2671 vitare

152 2706 241 2733 non
273 2695 431 2746 potuit:
465 2695 564 2746 quia
584 2708 686 2747 ergo
711 2695 985 2735 manducavit
1015 2697 1188 2748 quando
1218 2710 1263 2737 se
1293 2698 1480 2738 ieiunare
1510 2698 1690 2739 demon-

150 2763 314 2811 stravit,
371 2762 528 2802 idcirco
576 2769 676 2803 tunc
733 2764 1008 2805 manducavit
1062 2766 1238 2818 quando
1292 2767 1478 2807 ieiunare
1531 2768 1689 2810 debuit.

156 2831 335 2872 Dicatur
374 2844 476 2884 ergo
516 2832 550 2871 si
591 2832 661 2884 pla
676 2834 688 2882 [
694 2833 775 2883 fol.
809 2832 911 2886 84⁶²]
924 2839 992 2873 cet
1031 2833 1074 2873 in
1113 2834 1227 2875 hunc
1269 2836 1693 2879 modum—Narrat

295 2927 305 2947 ¹
318 2928 393 2959 MS.
411 2927 533 2959 debita.
666 2927 733 2959 2sic
749 2928 799 2960 for
815 2930 1029 2962 Athanasius.
1160 2931 1229 2962 ³sic
1245 2932 1294 2963 for
1310 2935 1374 2964 τῶν
1390 2937 1551 2965 Γαλατῶν.
