2052 3278
352 227 431 267 126
772 226 964 267 LIBER
998 225 1452 268 EXEMPLORUM

347 344 569 395 quondam
591 343 787 384 visitator
811 342 1051 396 Hybernie,
1069 342 1125 382 de
1146 343 1335 395 quodam
1359 344 1620 397 imperatore
1652 342 1891 384 Almannie

348 413 524 452 nomine
562 411 761 460 Henrico,
797 412 869 464 qui
906 417 950 451 et
990 424 1104 451 nunc
1139 417 1310 452 sanctus
1350 412 1565 452 Henricus
1597 412 1640 451 in
1672 418 1786 453 terra
1817 413 1890 453 illa

345 480 597 534 appellatur.
657 480 822 521 Retulit
843 485 987 520 autem
1020 480 1136 533 quod
1167 481 1246 521 iste
1277 481 1369 521 dux
1399 481 1579 534 quidam
1612 480 1692 521 fuit
1725 481 1892 522 iuvenis

345 551 469 590 unius
490 550 669 590 ducatus
690 551 731 589 in
756 562 890 602 regno
913 548 1162 590 Almannie.
1234 550 1420 600 Iuvenis,
1444 550 1634 603 inquam,
1666 551 1758 591 dux
1789 556 1891 600 erat,

346 623 553 671 tanquam
575 619 648 671 qui
670 619 839 659 noviter
867 619 921 659 ad
944 619 1146 660 ducatum
1169 632 1293 660 suum
1317 619 1406 659 iure
1426 619 1687 660 hereditario
1708 633 1890 673 perven-

344 689 448 726 erat.
510 685 615 725 Dux
636 691 782 725 autem
804 686 884 725 iste
898 685 1085 738 quadarn
1102 686 1205 736 vice,
1222 685 1353 726 nichil
1369 691 1625 726 extraneum
1640 686 1890 739 suspicatus,

345 754 512 794 audivit
530 755 750 806 quandam
772 768 921 795 vocem
943 754 1026 795 hoc
1046 754 1223 796 verbum
1246 755 1461 795 dicentem
1485 754 1564 795 sibi
1584 769 1592 796 2
1627 755 1757 795 ‘Post
1776 769 1855 796 sex
1871 757 1892 796 ’.

345 822 611 864 Deliberavit
632 824 759 877 igitur
773 824 853 864 iste
874 824 976 877 quid
995 824 1076 864 hoc
1097 830 1242 877 posset
1265 824 1534 877 portendere,
1558 830 1601 864 et
1623 823 1825 865 diffinivit
1846 824 1890 865 in

342 892 475 933 corde
496 906 573 933 suo
592 906 678 946 quo
698 893 780 933 hoc
801 892 915 933 aliud
938 907 1027 933 non
1049 899 1139 933 erat
1161 893 1240 933 nisi
1262 893 1377 946 quod
1414 892 1632 933 Dominus
1662 906 1761 933 eum
1798 906 1892 946 pre-

346 963 560 1002 munierat
580 963 696 1015 quod
719 968 817 1016 post
836 976 914 1003 sex
935 963 1028 1003 dies
1049 970 1159 1004 esset
1180 963 1419 1004 moriturus.
1482 962 1598 1016 Quid
1621 963 1750 1016 igitur
1770 963 1891 1016 agit?

345 1031 504 1072 Statim
538 1034 717 1073 accessit
749 1033 802 1073 ad
836 1033 1156 1073 confessionem
1179 1039 1223 1073 et
1247 1033 1474 1074 mundavit
1494 1046 1568 1073 cor
1588 1046 1725 1083 suum,
1749 1038 1793 1073 et
1814 1046 1890 1086 per

340 1114 421 1142 sex
442 1102 532 1142 dies
553 1102 779 1143 continuos
801 1101 880 1142 fuit
902 1102 944 1142 in
966 1102 1231 1143 orationibus
1253 1108 1296 1143 et
1327 1102 1585 1150 elemosinis,
1617 1108 1732 1143 totus
1763 1103 1892 1156 igitur

343 1177 440 1212 toto
460 1172 587 1213 corde
614 1173 789 1213 deditus
821 1171 1068 1212 huiusmodi
1102 1173 1302 1225 negociis,
1339 1172 1448 1212 sicut
1477 1171 1546 1212 ille
1579 1173 1652 1225 qui
1685 1177 1784 1226 post
1810 1185 1890 1212 sex

341 1241 434 1281 dies
466 1248 650 1282 mortem
694 1241 776 1282 sibi
817 1241 1047 1282 affuturam
1089 1242 1404 1282 certitudiniter
1444 1241 1717 1295 expectabat.
1801 1240 1889 1284 Sed

342 1323 440 1350 ecce
469 1312 730 1351 transierunt
751 1324 830 1351 sex
852 1310 955 1359 dies,
977 1316 1021 1351 et
1043 1310 1174 1350 etiam
1198 1311 1419 1363 septimus.
1453 1344 1461 1352 .
1497 1343 1505 1350 .
1539 1343 1548 1352 .

836 1379 950 1433 [lee
982 1386 1069 1420 rest
1097 1380 1135 1419 is
1167 1378 1401 1434 wanting]
