2052 3278
589 258 674 298 DE
707 253 1272 298 CONTENTIONIBUS
1645 262 1697 305 59

165 388 273 415 unus
297 374 506 424 diaboluS,
527 374 602 414 sed
625 373 710 413 cito
731 378 838 425 post,
861 373 967 412 sicut
998 371 1211 411 Dominus
1231 368 1437 422 permisit,
1458 367 1527 407 ille
1559 367 1614 406 ab
1648 379 1698 405 ea

165 444 270 485 exiit
292 451 335 485 et
365 444 475 497 legio
505 456 601 484 eam
631 443 816 484 intravit.
881 440 1008 494 Cepit
1029 454 1132 493 ergo
1153 444 1218 479 tot
1238 437 1425 478 motibus
1447 436 1611 488 agitari,
1633 441 1699 475 tot

161 513 337 554 vocibus
375 511 714 564 clamoribusque
745 516 1021 563 perstrepere,
1054 514 1159 562 quot
1198 505 1415 560 spiritibus
1458 503 1697 545 tenebatur.

166 580 254 623 Sed
276 581 470 635 quamvis
492 580 684 622 Domino
704 584 927 632 peccatum
950 578 1038 618 eius
1068 576 1321 630 displiceret,
1353 575 1521 615 miserie
1552 579 1699 614 tamen

165 649 272 691 illius
295 651 492 691 misertus
513 655 590 698 est,
610 654 653 688 et
684 646 879 701 precibus
911 647 1049 687 sancti
1080 646 1268 699 episcopi
1300 643 1523 684 Fortunati
1547 656 1644 683 eam
1676 655 1701 681 a

165 719 420 760 demonibus
452 716 836 769 liberavit—Quid
868 715 1003 756 habes
1035 728 1091 754 ex
1123 715 1205 755 hoc
1238 713 1446 765 exemplo
1474 711 1554 752 nisi
1585 711 1700 763 quod

164 787 338 829 diabolo
374 801 419 828 se
454 787 637 828 reddunt
673 785 744 838 qui
786 786 830 825 in
865 784 1064 837 coniugio
1100 797 1174 823 suo
1210 782 1453 823 inordinate
1491 780 1701 833 voluptati

165 856 409 897 deserviunt
422 855 613 897 ?—Huic
634 855 766 895 etiam
788 859 995 894 consonat
1016 851 1268 904 exemplum
1302 850 1357 890 de
1391 863 1528 890 uxore
1563 849 1702 889 Tobie
1715 855 1802 904 Lib.⁸
1894 896 1901 902 υ

166 926 347 975 iunioris,
370 925 485 978 quod
507 924 680 978 quidem
714 922 964 976 exemplum
999 921 1251 974 predicator,
1284 920 1319 959 si
1350 919 1570 959 evidenter
1606 930 1702 970 pro·
1716 899 1858 982 {⁰335
1871 907 1914 934 w,

165 995 364 1047 posuerit,
386 994 543 1034 salubri
564 998 724 1033 terrore
745 991 960 1032 concutiet
981 990 1215 1031 audientes.

694 1103 780 1157 [De
809 1101 1170 1155 contentionibus]

254 1197 372 1247 (103)
404 1195 544 1248 Quem
566 1195 790 1235 ductorem
813 1200 857 1234 et
876 1200 1093 1234 auctorem
1116 1191 1305 1233 habeant
1324 1191 1395 1244 qui
1418 1189 1704 1231 contencioni-
1719 1189 1818 1238 Gg.E.,
1840 1189 1885 1226 11,

163 1263 240 1304 bus
261 1264 510 1305 deserviunt
531 1264 718 1304 ostendit
739 1263 989 1316 exemplum
1023 1263 1224 1315 scriptum
1258 1261 1300 1300 in
1333 1260 1441 1300 libro
1461 1260 1532 1312 qui
1553 1258 1705 1298 dicitur
1717 1243 1748 1263 Ἦ
1767 1233 1810 1274 (p.
1832 1232 1915 1274 189).

165 1332 354 1374 Gemma
377 1332 664 1375 Sacerdotalis
690 1333 733 1373 in
756 1332 867 1373 hunc
890 1332 1079 1372 modum.
1145 1331 1196 1371 In
1217 1329 1499 1370 coronacione
1522 1329 1705 1381 impera-

164 1403 268 1442 toris
285 1401 532 1450 Almannie,
555 1401 667 1442 facta
697 1403 808 1442 inter
840 1401 1021 1443 barones
1057 1406 1100 1441 et
1132 1400 1343 1453 principes
1376 1398 1546 1452 imperii
1579 1410 1706 1450 super

164 1472 445 1527 dignitatibus
478 1474 562 1514 suis
597 1480 640 1514 et
674 1472 905 1528 privilegiis
937 1478 1067 1525 atque
1098 1469 1330 1511 honoribus
1354 1468 1502 1522 primis
1532 1474 1704 1508 conten-

162 1542 295 1592 cione,
335 1556 434 1583 cum
458 1543 678 1583 extractis
718 1541 872 1595 gladiis
912 1541 968 1582 ob
1007 1541 1085 1581 hec
1127 1540 1310 1580 militum
1342 1537 1389 1578 lx
1419 1537 1487 1578 vel
1521 1536 1702 1590 plurium

164 1617 328 1664 strages
353 1612 466 1652 facta
487 1611 643 1661 fuisset,
672 1611 848 1651 demum
880 1611 954 1650 lite
984 1610 1125 1663 sopita
1155 1615 1199 1649 et
1231 1609 1361 1648 missa
1393 1620 1525 1660 usque
1555 1606 1608 1646 ad
1641 1619 1702 1646 se-

166 1680 390 1732 quenciam
412 1681 614 1721 inchoata
644 1686 741 1733 post
771 1679 970 1720 ultimam
1006 1691 1149 1719 versus
1177 1677 1533 1725 modulacionem,
1557 1675 1670 1728 apud
1688 1675 1702 1698 1

165 1749 328 1790 scilicet
374 1749 507 1789 Hunc
545 1749 656 1789 diem
699 1749 935 1802 glom‘oszmz
974 1747 1128 1799 fecisti
1164 1746 1263 1799 [fol.
1308 1744 1414 1798 59b],
1457 1745 1701 1797 priusquam

165 1817 445 1871 ewangelium
469 1819 832 1872 pronunciaretur,
863 1818 905 1857 in
937 1817 1009 1857 illo
1041 1816 1203 1857 silencii
1232 1814 1455 1856 intervallo
1482 1813 1706 1854 insidiator

165 1886 236 1926 ille
276 1887 562 1940 nequissimus
602 1887 690 1927 alta
729 1899 834 1927 voce
875 1886 1001 1926 simili
1044 1885 1343 1926 modulacione
1395 1882 1703 1936 proclamavit:

166 1954 319 1995 ‘Hunc
353 1956 467 1996 diem
498 1954 744 1996 bellicosum
782 1968 863 2008 ego
895 1953 977 1994 feci
991 1952 1012 1995 '.
1077 1954 1135 1994 Et
1165 1954 1224 1993 sic
1255 1951 1468 1993 evolando
1500 1964 1704 2004 magnam

166 2031 332 2077 partem
367 2025 465 2065 tecti
497 2024 672 2065 ecclesie
703 2038 845 2065 secum
878 2024 1065 2064 avellens
1096 2021 1340 2075 asportavit.
1409 2019 1603 2073 Explicit
1632 2033 1707 2059 ex-

164 2093 563 2146 emplum-Vides
576 2107 702 2147 quem
721 2094 939 2134 ductorem
957 2092 1158 2141 habeant,
1176 2104 1304 2144 quem
1319 2091 1552 2138 ductorem,
1571 2090 1706 2129 immo

167 2163 301 2202 eciam
324 2175 451 2214 quem
474 2162 721 2211 derisorem,
743 2163 813 2215 qui
837 2160 1188 2202 contencionibus
1209 2160 1463 2200 deserviunt.
1522 2158 1706 2197 Ministri

165 2231 342 2284 dyaboli
362 2237 468 2280 sunt,
490 2232 605 2272 cuius
626 2231 892 2272 voluntatem
914 2231 1016 2271 dum
1041 2229 1200 2270 faciunt
1221 2228 1424 2269 derisioni
1447 2228 1576 2267 etiam
1599 2226 1708 2267 illius

168 2301 356 2353 expositi
385 2307 492 2342 sunt.

258 2371 374 2420 (104)
409 2368 565 2409 Adhuc
599 2375 754 2419 autem,
787 2383 917 2422 quam
954 2369 1167 2409 horrende
1205 2373 1304 2408 sunt
1333 2366 1637 2406 contenciones
1666 2370 1708 2405 et

168 2438 394 2478 divisiones
419 2437 609 2478 declarat
630 2438 883 2491 exemplum
918 2437 1033 2490 quod
1068 2436 1198 2477 michi
1232 2435 1374 2476 retulit
1403 2434 1532 2474 frater
1566 2433 1708 2474 Bona-

167 2513 345 2547 ventura
376 2507 430 2547 de
464 2507 629 2556 Tuscia,
647 2513 747 2547 tunc
779 2506 1037 2547 conscolaris
1065 2519 1185 2546 meus
1221 2504 1414 2545 Parisius.
1478 2503 1557 2543 Ait
1589 2503 1705 2543 enim

168 2576 284 2629 quod
305 2577 479 2629 quidam
504 2589 664 2629 magus,
696 2583 849 2617 vocato
878 2576 932 2617 ad
965 2590 1021 2626 se,
1051 2575 1144 2615 vice
1179 2575 1379 2627 quadam,
1414 2572 1598 2612 demone
1629 2585 1706 2613 suo

168 2659 297 2698 quem
334 2644 553 2685 consulere
594 2645 760 2686 solebat
792 2651 836 2685 et
877 2644 1047 2698 alloqui,
1079 2643 1262 2697 quesivit
1293 2642 1349 2682 ab
1384 2655 1436 2682 eo
1466 2641 1500 2681 si
1531 2640 1708 2682 haberet

167 2714 372 2754 noticiam
408 2713 591 2754 Merlini.
654 2713 740 2766 Qui
773 2715 813 2754 in
848 2714 960 2754 hunc
992 2713 1170 2753 modum
1204 2711 1424 2764 respondit
1453 2711 1518 2750 ei:
1552 2709 1706 2749 ‘Illum

170 2782 402 2823 Merlinum
425 2789 612 2822 vestrum
636 2782 745 2822 bene
765 2784 911 2835 utique
932 2782 1029 2822 novi
1061 2795 1170 2823 eum.
1232 2781 1291 2821 Et
1324 2781 1366 2819 in
1397 2779 1599 2832 proximo
1631 2784 1707 2827 est,

169 2852 317 2904 inquit,
358 2857 403 2891 ut
444 2850 594 2891 floreat
630 2851 854 2891 Britannia
894 2864 1018 2904 super
1061 2850 1282 2891 Edwardo
1312 2849 1416 2889 sicut
1447 2847 1589 2888 floruit
1629 2846 1708 2887 sub

836 2939 848 2958 1
861 2939 936 2970 MS.
962 2931 1036 2979 ap9.
