2052 3278
456 291 542 332 DE
577 288 1048 332 MISERICORDIA
1082 286 1359 328 HOMINIS
1596 296 1673 337 123

142 409 235 462 ipse
256 411 265 427 ‘
279 407 496 462 prohibuit
516 405 610 460 lege
632 407 765 446 crucis
787 405 877 446 fieri
895 405 1161 459 supplicium,
1178 403 1296 456 quod
1313 402 1427 456 apud
1448 401 1677 453 vRomanos

143 483 234 517 erat
256 478 299 518 in
324 490 411 526 usu,
438 482 481 516 et
511 474 772 528 figuracione
802 474 1034 515 solidorum
1067 473 1184 513 illam
1216 473 1340 512 iussit
1369 468 1586 511 inscribi':
1618 470 1679 510 ita

143 546 295 587 dicitur
332 546 400 587 ibi.
461 544 578 586 Sane
613 542 883 583 revolvamus
919 542 1050 583 verba
1085 548 1129 583 et
1163 541 1403 582 videbimus
1438 538 1540 592 quid
1577 537 1678 578 inde

141 621 359 669 reportent
382 619 647 654 mercatores.
710 612 829 653 Crux
860 611 1025 652 solebat
1054 625 1146 651 esse
1175 609 1429 663 supplicium
1460 607 1675 649 latronum

143 690 187 724 et
207 684 307 724 inde
328 683 538 724 translata
568 688 635 722 est
664 681 719 721 ad
751 680 1078 734 inscripcionem
1111 686 1154 720 et
1185 678 1505 719 decoracionem
1534 690 1680 717 monc-

141 760 305 802 tarum;
340 759 383 794 et
415 751 576 793 habent
607 751 675 790 hic
705 749 950 790 doctrinam
984 756 1241 789 mercatores
1272 748 1344 802 qui
1375 761 1472 788 cum
1503 753 1679 787 moneta

140 822 334 863 vendunt
374 828 419 862 et
457 826 617 862 emunt.
681 819 938 860 Doctrinam
976 819 1121 871 itaque
1155 818 1319 858 habent
1358 817 1472 870 quod
1514 816 1594 856 nisi
1635 816 1676 855 in

140 892 406 932 commerciis
427 890 511 931 suis
533 888 719 929 habeant
740 889 879 941 ipsum
898 901 973 941 pre
988 886 1130 937 oculis,
1149 887 1222 939 qui
1243 899 1322 939 pro
1342 885 1468 926 nobis
1491 891 1675 925 mortem

140 961 182 1000 in
213 974 336 1001 cruce
366 959 577 1008 sustinuit,
617 962 662 998 et
692 957 809 997 cuius
842 970 948 997 crux
977 957 1020 996 in
1063 962 1238 996 moneta
1270 956 1426 1008 scripta
1457 960 1537 1004 est,
1571 955 1679 994 sicut

141 1043 246 1069 crux
277 1043 303 1069 a
334 1028 539 1081 supplicio
575 1026 792 1067 latronum
830 1027 884 1066 ad
920 1031 1115 1066 monetas
1151 1025 1304 1065 transit
1341 1021 1679 1075 mercator[um]‚

141 1099 200 1138 ita
232 1104 274 1138 et
303 1098 384 1151 ipsi
415 1111 438 1137 e
468 1102 618 1137 contra
649 1110 674 1136 a
705 1108 827 1136 cruce
859 1095 1019 1148 scripta
1048 1095 1091 1134 in
1123 1094 1308 1134 monetis
1345 1092 1589 1133 transibunt
1624 1092 1678 1132 ad

139 1180 309 1207 crucem
333 1167 547 1206 latronum
571 1164 855 1215 infernalium,
879 1165 959 1205 hoc
990 1170 1055 1204 est
1087 1164 1141 1203 ad
1173 1162 1412 1216 patibulum
1444 1160 1610 1211 inferni,
1634 1167 1681 1201 ut

139 1234 344 1276 vilissime
378 1233 694 1287 suspendantur
730 1232 838 1273 sicut
872 1233 1062 1274 vilissimi
1098 1232 1284 1273 latrones
1327 1230 1518 1271 Domini.
1579 1229 1679 1270 Sus-

141 1305 380 1358 pendentur
396 1306 445 1344 vet
466 1304 598 1344 etiam
627 1302 942 1343 confundentur
964 1303 1006 1342 in
1027 1306 1249 1342 eternum:
1284 1307 1328 1341 et
1357 1300 1437 1341 hoc
1468 1306 1531 1340 est
1563 1299 1677 1352 quod

139 1373 292 1414 dicitur
337 1372 660 1413 Ecclesiasticus
705 1382 749 1424 5:
804 1371 948 1424 Super
972 1372 1125 1423 furem
1167 1377 1228 1411 est
1263 1370 1466 1421 confusio.
1549 1368 1679 1409 Tales
1695 1374 1841 1424 Ecclesi-

141 1442 298 1482 scilicet
329 1440 423 1482 falsi
461 1447 723 1481 mercatores
760 1440 871 1480 fures
907 1446 1021 1489 sunt,
1050 1441 1121 1492 qui
1155 1438 1283 1493 peciis
1314 1439 1436 1492 quasi
1469 1438 1579 1479 fures
1610 1437 1681 1478 alii
1697 1426 1824 1450 asncus
1848 1428 1884 1456 v,

143 1517 186 1551 et
218 1510 530 1551 fraudulencius
562 1510 743 1551 aliorum
777 1509 891 1550 bona
920 1508 1134 1562 diripiunt.

1699 1471 1748 1502 17.

614 1628 682 1668 De
702 1626 994 1668 misericordia
1016 1626 1213 1667 7207722'722'5.

236 1722 302 1770 (21
315 1720 354 1773 Ι)
371 1716 709 1760 Misericordiam
724 1717 909 1759 hominis
927 1719 980 1759 ad
1000 1718 1249 1771 proximum
1264 1731 1388 1758 suum
1405 1717 1685 1758 commendat

144 1789 395 1842 exemplum
417 1789 648 1842 quoddam,
671 1789 800 1842 quod,
822 1787 1020 1828 fratribus
1051 1787 1208 1828 nostris
1236 1787 1519 1836 audientibus,
1542 1786 1686 1827 retulit

142 1857 272 1898 frater
295 1857 509 1899 Galfridus
542 1863 835 1911 cognomento
864 1857 1070 1906 Blundus,
1092 1856 1223 1897 frater
1256 1869 1438 1909 magnus
1461 1857 1502 1896 in
1536 1855 1686 1896 ordine

142 1927 472 1979 predicatorum,
510 1928 582 1980 qui
617 1940 731 1967 nunc
762 1927 897 1967 lector
928 1932 1003 1975 est,
1027 1932 1071 1966 et
1108 1926 1253 1966 multis
1279 1932 1382 1965 ante
1417 1924 1686 1978 temporibus

146 1996 364 2045 extiterat,
397 1997 468 2049 qui
505 2002 548 2036 et
580 1997 758 2036 vicarius
795 1995 1068 2048 provincialis
1101 1994 1267 2047 aliquot
1300 1995 1423 2034 annis
1459 1994 1609 2034 extitit
1642 1994 1685 2033 in

147 2064 386 2117 Hybernia.
429 2064 515 2105 Hic
536 2066 665 2119 igitur
685 2066 727 2105 in
751 2064 923 2118 publico
936 2077 1137 2105 sermone
1159 2064 1301 2105 retulit
1321 2064 1405 2104 hoc
1421 2063 1685 2116 exemplum,

144 2134 342 2174 videlicet
364 2135 479 2187 quod
504 2134 546 2174 in
569 2133 728 2175 foresta
760 2147 891 2187 quam
925 2133 1082 2174 fecerat
1116 2134 1337 2186 quondam
1372 2146 1449 2172 rex
1477 2132 1688 2173 Ricardus

143 2203 266 2243 iuxta
287 2202 570 2253 Wintoniam,
592 2203 663 2244 ubi
697 2210 740 2244 et
774 2204 865 2256 ipse
899 2202 1047 2252 fuerat,
1081 2208 1128 2243 ut
1160 2202 1341 2250 dicebat,
1364 2203 1540 2255 quidam
1564 2201 1688 2241 miles

146 2272 382 2321 venacioni‚
404 2279 554 2313 contra
573 2273 683 2326 regis
705 2273 993 2321 interdictum,
1016 2272 1237 2325 indulgere
1258 2272 1492 2312 consuevit.
1554 2270 1640 2324 Qui
1663 2284 1688 2310 a

145 2339 379 2381 forestariis
401 2348 627 2395 perceptus
643 2348 686 2382 et
707 2341 936 2382 efficaciter
958 2347 1188 2390 accusatus,
1204 2340 1521 2394 prevalentibus
1538 2345 1688 2380 contra

143 2423 243 2449 eum
280 2411 606 2461 accusatoribus,
643 2416 738 2451 tota
774 2417 887 2451 terra
918 2424 994 2451 sua
1027 2411 1218 2463 privatus
1239 2415 1315 2450 est.
1377 2409 1576 2461 Cumque
1608 2422 1687 2448 rex

145 2483 259 2518 esset
296 2479 338 2518 in
372 2479 563 2532 partibus
594 2480 902 2529 transmarinis,
925 2493 1004 2519 nec
1030 2480 1122 2532 ipse
1154 2479 1394 2519 remedium
1434 2478 1608 2530 aliquod
1644 2477 1686 2516 in

144 2545 308 2599 Anglia
325 2548 509 2600 reperire
526 2550 745 2601 potuisset,
765 2548 989 2602 proposuit
1005 2549 1124 2589 adire
1140 2561 1286 2600 regem
1309 2549 1362 2588 ad
1379 2547 1688 2601 postulandum

145 2618 328 2671 gratiam
370 2631 503 2666 suam,
535 2618 651 2670 quod
689 2624 732 2658 et
768 2617 878 2659 fecit.
942 2616 1046 2670 [fol.
1089 2615 1213 2671 102b]
1243 2616 1408 2657 Notum
1442 2621 1506 2655 est
1543 2620 1688 2655 autem

145 2687 262 2740 quod
300 2687 342 2726 in
381 2687 504 2726 curiis
537 2687 778 2740 principum
811 2686 1087 2740 querentibus
1119 2687 1304 2739 gratiam
1337 2684 1564 2725 necessarii
1587 2690 1688 2724 sunt

148 2755 366 2796 adiutores
388 2761 431 2795 et
463 2756 774 2796 intercessores.
837 2755 951 2796 Huic
972 2762 1116 2796 autem
1140 2754 1274 2803 militi,
1295 2755 1471 2807 quando
1493 2754 1611 2793 venit
1633 2753 1687 2793 ad

149 2824 322 2872 curiam,
365 2823 435 2864 ubi
469 2824 706 2864 humanum
747 2824 880 2865 defuit
920 2824 1139 2873 auxilium,
1180 2837 1270 2864 non
1312 2822 1446 2863 defuit
1485 2822 1688 2863 divinum.

146 2893 362 2933 Dominus
385 2892 502 2932 enim
524 2898 673 2933 noster
693 2893 797 2934 iuvit
817 2907 916 2933 eum
948 2900 992 2933 et
1023 2892 1121 2933 fecit
1152 2907 1231 2946 pro
1253 2906 1305 2933 eo
1336 2892 1517 2932 dulciter
1538 2890 1661 2932 valde
1679 2904 1689 2941 ;

146 2966 190 3001 et
211 2961 294 3002 hoc
317 2962 416 3002 ideo
439 2961 515 3002 fuit
536 2963 635 3014 quia
656 2962 748 3015 ipse
769 2976 846 3015 pro
870 2962 1065 3003 Domino
1086 2961 1201 3015 prius
1224 2961 1381 3001 fecerat
1403 2961 1517 3013 quod
1542 2961 1691 3012 utique
