2052 3278
570 181 655 221 DE
688 180 983 222 CORPORE
1017 178 1276 221 CHRISTI
1647 188 1691 216 11

166 297 294 350 Quod
312 299 369 338 ita
389 297 548 337 factum
569 302 642 337 est.
704 296 818 336 Nam
840 310 937 336 cum
959 296 1074 336 idem
1098 295 1197 348 [fol.
1221 294 1321 347 27a]
1349 291 1580 333 monachus
1605 305 1697 344 per-

162 367 349 406 venisset
364 366 418 406 ad
438 370 636 414 mortem,
661 370 790 417 atque
806 365 935 404 anxie
951 378 997 404 se
1012 368 1210 417 quereret
1226 362 1425 402 fratribus
1441 360 1699 401 comendare

163 441 206 475 et
223 436 260 475 ei
281 434 420 475 nullus
442 432 659 487 applicare
680 434 748 473 vel
771 433 886 485 loqui
907 434 1168 487 dignaretur,
1192 431 1373 472 carnalis
1405 430 1443 470 ei
1475 429 1604 471 frater
1626 442 1699 468 cur

163 503 218 544 ab
239 503 440 544 omnibus
461 507 570 542 esset
591 501 893 542 abhominatus
924 502 1136 541 indicavit.
1199 500 1285 554 Qui
1317 499 1509 553 protinus
1540 499 1595 538 de
1626 511 1701 538 suo

163 578 282 612 reatu
309 571 588 612 vehementer
619 571 827 624 ingemuit
847 575 978 623 atque
1006 572 1048 610 in
1079 571 1171 623 ipsa
1197 583 1273 610 sua
1304 568 1483 609 tristicia
1514 567 1648 607 exivit
1680 580 1703 606 e

163 654 354 694 corpore.
418 640 501 694 Qui
522 641 582 680 ita
600 640 791 692 sepultus
812 646 876 680 est
905 647 952 680 ut
982 640 1192 679 dixeram.
1254 638 1340 679 Sed
1371 637 1523 677 fratres
1553 649 1704 676 omnes

163 710 316 751 eadem
339 711 548 751 sententia
559 710 648 750 eius
670 708 903 762 perturbati
923 713 1127 761 ceperunt
1141 708 1296 761 singuli
1317 714 1514 748 extrema
1535 718 1704 759 queque

161 784 205 819 et
225 778 324 819 vilia
343 784 386 819 et
407 792 490 832 que
510 779 569 818 eis
591 777 837 831 regulariter
855 776 1013 817 habere
1033 790 1205 829 semper
1227 776 1411 825 licuerat,
1434 776 1489 815 ad
1513 775 1701 815 medium

163 847 363 901 proferre,
384 848 662 888 vehementer
681 846 914 888 formidare
934 859 988 886 ne
1009 846 1112 899 quid
1134 846 1248 899 apud
1280 859 1326 885 se
1355 851 1466 885 esset
1495 844 1610 884 unde
1642 857 1703 883 re-

164 918 373 970 prehendi
396 917 645 970 potuissent.
720 916 831 958 Cum
848 929 949 956 vero
971 921 1069 969 post
1090 921 1274 955 mortem
1296 914 1475 967 triginta
1505 915 1590 954 iam
1613 914 1706 953 dies

163 987 322 1039 peracti
339 993 491 1035 essent,
508 986 623 1039 cepit
640 986 809 1026 animus
827 999 947 1026 meus
965 984 1168 1025 defuncto
1183 984 1304 1024 fratri
1320 984 1510 1037 compati
1531 984 1705 1036 eiusque

163 1068 260 1095 cum
282 1055 427 1095 dolore
447 1056 566 1108 gravi
587 1055 798 1108 supplicia
828 1068 1020 1108 pensare,
1052 1061 1095 1094 et
1127 1054 1161 1094 si
1193 1053 1296 1106 quid
1328 1059 1441 1093 esset
1469 1052 1705 1105 erepcionis

163 1123 252 1163 eius
274 1124 510 1164 remedium
533 1137 718 1177 querere.
778 1123 902 1164 Tunc
923 1129 1102 1164 evocato
1133 1123 1188 1163 ad
1221 1135 1290 1162 me
1321 1122 1474 1162 eodem
1510 1121 1705 1161 Precioso

165 1193 413 1233 monasterii
443 1194 578 1233 nostri
611 1194 839 1246 preposito,
872 1193 1004 1233 tristis
1035 1192 1155 1233 dixi:
1189 1197 1197 1213 ‘
1217 1192 1304 1232 Diu
1335 1197 1399 1231 est
1429 1191 1543 1244 quod
1575 1189 1706 1230 frater

162 1262 230 1302 ille
271 1263 343 1315 qui
374 1262 600 1303 defunctus
630 1269 695 1303 est
727 1262 770 1302 in
803 1264 902 1316 igne
932 1263 1155 1303 cruciatur.
1218 1260 1443 1301 Debemus
1474 1261 1511 1300 ei
1543 1259 1704 1313 aliquid

164 1331 351 1372 caritatis
373 1332 624 1385 impendere
645 1337 689 1372 et
709 1345 807 1372 eum
830 1333 872 1371 in
903 1337 1114 1384 quantum
1145 1343 1384 1384 possumus
1413 1336 1460 1369 ut
1492 1329 1705 1382 eripiatur,

164 1400 374 1442 adiuvare.
434 1400 561 1441 Vade
582 1402 727 1454 itaque
748 1407 791 1441 et
813 1401 868 1442 ab
887 1401 1094 1440 hodierna
1110 1400 1181 1440 die
1195 1400 1345 1440 diebus
1361 1405 1477 1439 xxxa
1495 1399 1706 1438 continuis

166 1467 317 1509 offerre
339 1483 417 1522 pro
436 1483 488 1510 eo
508 1469 760 1510 sacrificium
783 1470 916 1519 stude,
938 1476 985 1510 ut
1005 1469 1144 1509 nullus
1159 1470 1338 1509 omnino
1368 1468 1708 1522 pretermittatur

165 1538 266 1587 dies,
299 1551 387 1591 quo
417 1552 494 1592 pro
527 1538 803 1579 absolucione
833 1538 943 1579 illius
974 1538 1172 1578 sanitatis
1194 1538 1334 1578 hostia
1362 1551 1448 1577 non
1468 1532 1707 1590 ymolatur.’

168 1606 253 1660 Qui
276 1608 468 1660 protinus
499 1608 681 1648 abcessit
712 1614 755 1648 et
786 1609 937 1661 paruit.
1002 1607 1140 1649 Nobis
1171 1613 1317 1648 autem
1349 1606 1432 1646 alia
1461 1606 1707 1646 curantibus

166 1682 296 1728 atque
312 1677 506 1717 evolutos
522 1677 612 1717 dies
633 1690 719 1726 non
735 1677 1072 1726 numerantibus,
1094 1676 1209 1717 idem
1233 1676 1365 1717 frater
1387 1675 1458 1728 qui
1480 1674 1706 1716 defunctus

164 1744 302 1786 fuerat
317 1751 445 1786 nocte
460 1746 648 1799 quadam
665 1746 784 1786 fratri
798 1760 875 1787 suo
890 1759 1098 1799 germano
1116 1746 1302 1799 Copioso
1318 1758 1393 1798 per
1407 1745 1616 1785 visionem
1634 1758 1707 1797 ap-

166 1815 317 1869 paruit.
383 1815 526 1868 Quem
558 1816 627 1857 ille
659 1829 755 1857 cum
787 1817 963 1857 vidisset
995 1816 1228 1869 inquisivit,
1261 1816 1431 1857 dicens:
1467 1815 1609 1868 ‘Quid
1641 1820 1707 1854 est

165 1884 331 1924 frater?
411 1883 646 1937 Quomodo
677 1885 777 1926 es?’
858 1885 944 1939 Qui
975 1885 1069 1938 ipse
1098 1884 1345 1937 respondit:
1380 1884 1530 1924 ‘Nunc
1573 1896 1707 1936 usque

169 1953 283 1994 male
304 1953 373 2003 fui,
396 1954 470 1995 sed
493 1955 626 1995 modo
647 1953 758 1995 bene
779 1967 872 1995 sum
896 1955 994 2007 quia
1007 1954 1137 1995 hodie
1158 1954 1508 1994 communionem
1531 1952 1669 2005 recepi
1684 1952 1706 1991 ’.

169 2021 297 2075 Quod
320 2022 434 2063 idem
465 2022 676 2076 Copiosus
707 2036 887 2076 pergens
918 2023 1109 2076 protinus
1141 2023 1183 2063 in
1220 2022 1478 2063 monasterio
1509 2021 1708 2061 fratribus

167 2091 384 2132 indicavit.
466 2091 642 2133 Fratres
673 2106 776 2132 vero
806 2091 987 2133 sollicite
1018 2096 1377 2145 computaverunt
1409 2091 1509 2140 dies,
1542 2098 1586 2131 et
1615 2091 1708 2143 ipse

166 2161 259 2201 dies
274 2161 421 2202 extitit
438 2174 523 2214 quo
540 2175 616 2215 pro
629 2175 682 2201 eo
695 2162 935 2203 tricessima
950 2161 1114 2202 oblatio
1128 2161 1265 2201 fuerat
1277 2161 1462 2213 expleta.
1513 2159 1708 2212 Cumque

168 2229 235 2269 vel
277 2228 492 2282 Copiosus
526 2230 712 2272 nesciret
744 2231 849 2284 quid
880 2245 957 2284 pro
987 2245 1040 2271 eo
1070 2230 1223 2270 fratres
1253 2236 1430 2283 agerent
1461 2229 1526 2269 vel
1559 2228 1707 2269 fratres

164 2297 409 2350 ignorarent
427 2299 529 2352 quid
546 2300 602 2340 de
619 2300 691 2340 illo
714 2300 925 2353 Copiosus
938 2300 1129 2348 vidisset,
1147 2313 1233 2339 uno
1248 2299 1491 2352 eodemque
1512 2302 1707 2351 tempore

168 2367 272 2407 dum
303 2368 525 2421 cognoscit
556 2368 627 2408 ille
658 2369 762 2422 quid
799 2368 858 2409 illi
891 2370 1055 2422 egerint
1085 2375 1215 2422 atque
1245 2367 1313 2409 isti
1346 2368 1447 2421 [sol.
1480 2367 1577 2420 27l7]
1608 2379 1705 2419 cog-

169 2442 352 2476 noscunt
372 2436 488 2490 quod
521 2436 589 2478 ille
618 2438 796 2489 viderat,
829 2439 1117 2478 concordante
1149 2437 1274 2478 simul
1309 2437 1473 2477 visione
1505 2443 1547 2477 et
1584 2437 1708 2476 sacri-

169 2504 273 2554 ficio,
310 2519 375 2545 res
417 2512 564 2559 aperte
598 2506 761 2556 claruit,
797 2507 896 2560 quia
931 2507 1060 2547 frater
1093 2506 1165 2560 qui
1201 2505 1426 2546 defunctus
1461 2505 1597 2545 fuerat
1632 2519 1707 2559 per

168 2574 394 2615 salutarem
411 2573 597 2616 hostiam
611 2576 866 2629 supplicium
881 2577 1023 2616 evasit.
1084 2575 1277 2628 Explicit
1292 2576 1374 2615 hoc
1390 2574 1708 2626 exemplum.—

169 2641 353 2695 Colligat
374 2643 611 2695 predicator
632 2645 893 2685 sentenciam
916 2645 1145 2685 secundum
1168 2645 1281 2697 quod
1316 2642 1492 2683 materie
1513 2643 1707 2696 congruit

168 2717 212 2752 et
233 2711 454 2752 edificacio
476 2712 648 2765 requirit
668 2714 950 2756 audiencium.

260 2782 348 2835 (19)
382 2780 482 2822 Alia
502 2795 673 2835 quoque
694 2783 780 2823 duo
800 2784 1004 2836 exempla
1023 2782 1241 2835 subiungit
1267 2782 1406 2822 dulcia
1426 2787 1472 2822 et
1497 2782 1703 2822 memoria
1716 2793 1817 2834 Greg.

168 2851 433 2903 sempiterna
463 2850 646 2904 [digna],
681 2864 862 2905 quorum
904 2852 1090 2906 primum
1123 2851 1375 2892 describens
1410 2851 1470 2892 ait
1505 2852 1546 2891 in
1587 2837 1897 2912 huncss}{¹·’lv’
