2052 3278
110 1535 193 1569 Luc.
211 1537 278 1576 xiii,

111 1815 198 1848 Gen.
215 1815 271 1847 vii.

112 1953 163 1985 Cf.
184 1954 272 1985 Gen.

110 1997 175 2029 xix.

111 2233 187 2274 Jud.
205 2245 258 2266 xx.

115 2717 205 2748 Heb.
224 2717 291 2755 xiii,

112 2773 144 2802 4.

332 235 411 265 120
761 221 953 262 LIBER
985 221 1440 265 EXEMPLORUM

323 339 532 393 leporaria
572 338 760 393 quedam
800 338 880 379 sub
918 336 1039 378 sedili
1082 351 1273 380 concavo
1315 339 1484 381 catulos
1528 338 1695 379 habens
1738 338 1870 379 micas

323 422 407 462 que
438 409 493 449 de
527 421 676 449 mensa
709 407 953 448 ceciderant
980 413 1024 447 et
1056 420 1153 448 ossa
1186 422 1263 461 per
1297 422 1443 449 aream
1477 407 1739 461 queritando
1771 414 1872 448 ante

324 479 483 519 lectum
526 477 672 518 militis
714 476 831 516 venit
873 476 1135 518 musitando.
1198 477 1324 518 Miles
1365 482 1511 518 autem
1554 475 1743 529 puellam
1779 490 1872 517 esse

326 554 483 602 putans
504 546 680 588 brachia
703 558 777 586 sua
798 546 919 599 quasi
949 546 1003 586 ad
1035 545 1263 600 amplexus
1294 546 1510 600 exposuit.
1572 545 1706 588 Canis
1727 551 1870 586 autem

324 617 381 658 ob
420 616 658 657 catulorum
698 621 828 656 atrox
869 614 1177 664 defensionem,
1213 617 1353 669 ipsum
1391 615 1502 656 illico
1539 628 1614 669 per
1649 615 1872 656 brachium

326 686 529 728 dentibus
571 685 758 739 arripuit,
797 689 840 725 et
880 685 1002 738 gravi
1043 683 1204 726 lesione
1246 685 1496 726 vulneravit.
1559 683 1687 725 Miles
1727 691 1872 725 autem

325 757 380 797 ad
421 755 658 796 vindictam
698 753 952 802 accelerans,
992 753 1184 807 gladium
1226 756 1280 795 ad
1322 755 1460 809 capud
1501 755 1619 795 thori
1661 755 1875 795 iacentem

326 828 451 866 iuxta
492 839 537 865 se
578 825 733 878 posuit.
800 824 892 865 Nec
929 837 1075 874 mora3
1119 823 1261 878 puella
1300 825 1356 865 de
1392 824 1585 865 thalamo
1621 824 1745 864 iuxta
1779 837 1877 876 pro-

327 895 533 936 missuml
563 895 714 935 exiens
742 894 798 934 ad
831 893 1015 935 lectum2
1049 894 1196 934 militis
1228 894 1494 948 pedetentim
1526 894 1715 934 accessit.
1780 894 1877 946 Ipse

325 979 428 1006 vero
466 965 553 1004 iam
590 963 708 1003 canis
744 962 981 1004 observans
1016 962 1264 1012 adventum,
1300 976 1389 1003 non
1422 963 1613 1016 virginis,
1651 969 1766 1015 puta,
1803 962 1877 1015 qui

325 1047 518 1075 amorem
551 1039 651 1078 tunc
683 1033 725 1072 in
756 1032 955 1073 dolorem
986 1030 1292 1081 converterat,3
1319 1033 1391 1085 qui
1422 1032 1669 1086 cupidinem
1701 1045 1876 1074 omnem

326 1105 368 1145 in
408 1105 469 1144 ire
502 1103 740 1143 vindictam
781 1106 1140 1150 commutaverat,
1177 1100 1348 1142 elevato
1388 1101 1544 1155 gladio,
1587 1114 1739 1142 canem
1782 1115 1877 1155 per-

327 1179 471 1215 cutere
504 1177 671 1226 putans,
707 1171 824 1211 ferro
858 1169 1045 1224 puellam
1075 1171 1266 1223 peremit.
1330 1171 1524 1224 Explicit
1552 1172 1878 1225 exemplum.—

328 1245 442 1285 Ecce
470 1242 651 1296 qualiter
677 1241 844 1282 actibus
874 1240 1120 1281 huiusmodi
1154 1241 1340 1293 peccatis
1372 1241 1625 1293 urgentibus
1656 1254 1701 1281 se
1731 1246 1879 1281 noster

325 1315 464 1356 hostis
516 1311 585 1353 ille
630 1317 824 1353 versutus
876 1310 1091 1350 immiscet
1142 1311 1215 1363 qui
1255 1323 1343 1350 non
1389 1311 1528 1351 solum
1573 1311 1660 1351 suis
1709 1312 1878 1352 animas

328 1382 599 1437 temporibus
639 1380 742 1434 [fol.
778 1379 901 1433 Ioob]
943 1385 1007 1420 set
1043 1379 1288 1420 acceleratis
1324 1381 1456 1420 etiam
1494 1386 1537 1420 et
1576 1380 1879 1434 preproperis4

327 1466 512 1507 corpora
541 1450 772 1500 funeribus,
794 1455 840 1490 ut
873 1449 1000 1490 simul
1031 1449 1074 1489 in
1105 1455 1285 1502 utraque
1315 1449 1518 1499 deseviat,
1544 1449 1670 1490 avide
1701 1449 1877 1503 preripit

327 1530 383 1564 et
405 1523 624 1577 perquirit.
689 1520 885 1562 Caveant
922 1532 1026 1572 ergo
1062 1519 1141 1560 sibi
1177 1520 1251 1572 qui
1286 1518 1499 1559 eiusmodi
1532 1518 1769 1560 vilitatibus
1805 1518 1880 1559 de-

325 1593 528 1641 serviunt,
570 1591 682 1643 quia,
723 1589 806 1629 nisi
846 1587 973 1628 cicius
1015 1587 1304 1640 penitenciam
1351 1587 1528 1640 egerint,
1570 1593 1616 1628 ut
1658 1588 1878 1628 sentencia

326 1661 553 1703 salvatoris
582 1665 690 1708 utar,
723 1671 877 1699 omnes
907 1657 1105 1698 similiter
1137 1656 1344 1710 peribunt.

416 1729 564 1783 (206)5
613 1730 713 1770 Hoc
756 1733 904 1769 autem
951 1727 1068 1780 quod
1116 1728 1159 1767 in
1206 1740 1324 1767 sacra
1369 1726 1580 1780 scriptura
1629 1728 1684 1768 ad
1736 1727 1879 1768 detes-

325 1801 542 1842 tacionem
587 1799 751 1853 peccati
793 1797 918 1837 huius
962 1797 1005 1837 in
1048 1796 1229 1836 diversis
1272 1795 1375 1836 locis
1418 1796 1626 1837 traditum
1671 1802 1750 1846 est,
1793 1809 1879 1837 non

323 1871 403 1912 erit
444 1869 594 1911 inutile
635 1867 690 1909 ad
731 1866 964 1908 faciliorem
1009 1867 1264 1907 memoriam
1305 1865 1374 1906 hic
1417 1867 1614 1908 inserere.
1677 1865 1795 1908 Sane
1836 1866 1879 1907 in

328 1941 486 1983 Genesi
538 1938 720 1992 legimus
766 1937 883 1990 quod
931 1941 1108 1989 propter
1154 1935 1238 1975 hoc
1283 1942 1510 1988 peccatum
1559 1942 1699 1976 totum
1745 1949 1880 1990 genus

325 2012 564 2051 humanum
582 2014 723 2061 preter
742 2009 764 2048 8
783 2007 951 2047 animas
968 2005 1156 2046 deletum
1174 2011 1252 2046 est.
1294 2005 1344 2045 In
1362 2006 1519 2046 eodem
1537 2005 1670 2046 etiam
1688 2007 1875 2059 reperies

326 2080 446 2133 quod
483 2084 658 2132 propter
693 2076 833 2117 carnis
870 2080 1094 2129 peccatum
1130 2083 1154 2125 7
1191 2074 1387 2114 civitates
1427 2087 1525 2114 cum
1566 2074 1880 2116 habitatoribus

327 2150 412 2190 suis
444 2149 544 2202 igne
575 2153 619 2187 et
649 2146 852 2199 sulphure
883 2144 1139 2185 irruentibus
1171 2144 1225 2184 de
1252 2143 1344 2183 celo
1374 2143 1598 2184 combuste
1625 2150 1755 2197 atque
1783 2143 1882 2185 sub-

329 2233 469 2260 merse
499 2216 726 2258 sunt.—In
758 2214 870 2256 libro
889 2227 1065 2267 quoque
1099 2213 1292 2254 Iudicum
1323 2219 1498 2266 propter
1525 2220 1749 2267 peccatum
1782 2227 1880 2254 curn

327 2302 414 2329 una
456 2287 635 2327 muliere
676 2292 719 2325 et
761 2296 847 2325 una
888 2289 1014 2324 nocte
1058 2288 1354 2336 perpetratum
1400 2282 1580 2335 legimus
1625 2284 1763 2323 occisa
1807 2281 1882 2323 lxv

330 2358 447 2398 milia
491 2358 679 2397 virorum
726 2354 982 2396 bellatorum
1031 2360 1074 2394 et
1120 2367 1172 2393 eo
1216 2352 1399 2405 amplius
1445 2358 1588 2405 preter
1632 2366 1792 2393 uxores
1839 2358 1881 2392 et

330 2427 556 2481 parvulos:
613 2427 673 2465 ita
726 2424 844 2477 quod
895 2436 1099 2463 numerus
1149 2423 1386 2463 occisorum
1441 2436 1519 2475 pro
1574 2429 1756 2475 peccato
1807 2421 1882 2462 illo

330 2496 523 2538 estimari
565 2500 709 2548 potest
750 2493 805 2534 ad
849 2494 988 2533 minus
1025 2498 1197 2533 centum
1237 2491 1353 2531 milia
1390 2492 1627 2533 hominum.
1691 2491 1884 2544 Explicit

330 2565 743 2619 exemplum.-—-Per
758 2577 889 2617 quam
905 2561 920 2585 ⁶
951 2567 1094 2603 autem
1118 2562 1235 2602 viam
1256 2560 1540 2615 subterfugiet
1556 2561 1759 2602 iudicium
1785 2561 1881 2605 Dei,

328 2637 401 2689 qui
434 2637 475 2676 in
507 2634 701 2688 peccati⁷
723 2633 845 2673 huius
867 2632 1032 2673 vilitate
1053 2634 1188 2672 vitam
1219 2644 1342 2671 suam
1373 2632 1601 2679 consumit,
1622 2644 1710 2671 non
1742 2636 1881 2671 atten-

330 2707 436 2747 dens
472 2705 590 2758 quod
626 2705 911 2745 fornicatores
943 2708 986 2743 et
1018 2703 1236 2743 adulteros
1269 2702 1473 2742 iudicabit
1506 2702 1626 2742 Deus
1642 2701 1880 2743 P—Caveat

420 2836 430 2855 1
444 2838 518 2868 MS.
538 2836 753 2878 permissum.
870 2834 883 2853 2
896 2835 970 2866 MS.
988 2835 1161 2865 lecturam.
1476 2833 1488 2852 3
1502 2833 1577 2863 MS.
1597 2838 1785 2864 convertat.

422 2882 435 2901 4
447 2881 521 2912 MS.
539 2879 772 2921 preproperiis.
876 2878 888 2897 5
900 2878 940 2908 In
957 2878 1088 2919 margin
1106 2881 1113 2894 ‘
1126 2877 1167 2909 de
1184 2876 1344 2908 adulteris
1358 2876 1376 2907 ’.
1481 2875 1494 2894 ⁶
1510 2877 1585 2907 MS.
1604 2882 1793 2917 postquam.

422 2923 434 2943 ⁷
448 2926 483 2955 M
493 2925 526 2956 S.
545 2930 697 2965 peccato.
