2052 3278
99 816 200 856 Greg.

100 859 204 897 Dial.‚
222 858 279 896 IV,

97 903 165 935 lvii.

315 223 364 253 12
734 211 928 252 LIBER
961 209 1414 252 EXEMPLORUM

311 328 498 370 modum.
561 328 660 368 Hoc
683 341 856 381 quoque
873 328 989 380 quod
1006 326 1252 366 audivimus
1275 326 1493 379 quendam
1512 323 1627 378 apud
1646 324 1792 364 hostes
1809 324 1852 363 in

308 399 560 450 captivitate
583 398 772 451 positum
793 402 836 436 et
856 396 1037 436 vinculis
1054 395 1285 448 religatum
1303 394 1443 443 fuisse,
1461 406 1541 447 pro
1558 406 1644 446 quo
1661 393 1852 432 coniunx

309 467 401 507 eius
424 466 550 507 certis
572 466 724 507 diebus
746 465 902 506 offerre
922 465 1140 505 sacrificiis
1161 470 1462 513 consueverat;
1497 463 1568 516 qui
1591 462 1723 516 longo
1744 467 1853 502 tem-

308 550 412 589 pore
427 541 525 589 post
539 537 593 576 ad
607 536 835 589 coniugem
849 547 1056 586 reversus,
1071 534 1225 588 quibus
1240 533 1387 574 diebus
1402 531 1573 573 vincula
1587 530 1856 572 solverentur

308 606 507 654 innotuit,
551 605 763 659 [eiusque]
804 604 994 645 coniunx
1037 604 1130 644 illos
1173 604 1304 643 fuisse
1345 603 1438 643 dies
1484 601 1642 655 quibus
1684 613 1763 653 pro
1803 613 1856 640 eo

309 674 519 715 offerebat
543 673 799 714 sacrificium
829 675 1091 727 recognovit,
1124 687 1183 714 ex
1216 672 1325 712 alial
1354 672 1480 712 nobis
1506 684 1552 711 re
1581 683 1666 723 que
1694 675 1797 710 ante
1829 678 1854 720 7

308 757 446 785 annos
467 750 592 796 gesta
613 750 678 784 est
699 744 937 783 certissime
959 742 1251 784 confirmatur.
1315 741 1525 794 Explicit.

394 814 489 866 (20)
521 813 652 854 Aliud
670 826 842 866 quoque
859 813 1080 865 subiungit
1094 811 1252 852 dicens
1309 810 1492 864 Agatho
1513 809 1677 850 etenim
1698 808 1857 848 Panor-

309 882 498 924 mitanus
516 884 756 936 episcopus,
775 883 883 923 sicut
899 881 1046 922 fideles
1064 882 1169 922 mihi
1185 895 1234 921 ac
1256 880 1444 934 religiosi
1461 879 1538 919 viri
1561 877 1684 918 multi
1706 876 1856 918 testati

308 957 408 992 sunt
431 965 479 992 ac
499 957 725 1002 testantur,
747 965 842 991 cum
861 951 986 992 beate
1004 950 1210 990 memorie
1227 947 1540 1003 predecessoris
1557 946 1642 987 mei
1659 952 1857 999 tempore

308 1022 446 1062 iussus
468 1027 583 1062 esset
605 1027 653 1062 ut
680 1021 869 1061 Romam
894 1020 1072 1068 veniret,
1094 1020 1184 1059 vim
1210 1018 1343 1059 nimie
1363 1017 1638 1071 tempestatis
1666 1015 1858 1070 pertulit,

308 1091 368 1131 ita
395 1097 442 1147 ut
470 1104 516 1131 se
546 1105 604 1131 ex
634 1096 757 1131 tanto
789 1089 1004 1130 undarum
1032 1088 1222 1142 periculo
1253 1087 1438 1128 evadere
1469 1099 1597 1139 posse
1627 1084 1856 1126 diffideret.

308 1160 349 1199 N
354 1166 454 1199 auta
485 1173 588 1200 vero
619 1159 746 1208 illius,
780 1160 953 1199 Varaca
986 1157 1175 1206 nomine,
1209 1158 1281 1210 qui
1311 1170 1422 1196 nunc
1453 1156 1647 1196 eiusdem
1675 1154 1856 1195 ecclesie

306 1229 531 1269 clericatus
552 1228 696 1269 officio
713 1227 913 1280 fungitur,
936 1226 1007 1280 qui
1025 1232 1124 1280 post
1145 1226 1290 1266 navim
1314 1224 1533 1276 carabum,
1550 1225 1612 1265 i.e.
1632 1222 1856 1274 batellum‚

306 1298 495 1352 regebat,
528 1303 656 1351 rupto
692 1296 792 1337 fune
832 1310 930 1337 cum
970 1296 1126 1336 eodem
1162 1294 1319 1335 carabo
1361 1307 1489 1347 quem
1530 1292 1706 1347 regebat
1746 1293 1858 1332 inter

306 1368 521 1408 undarum
549 1366 742 1407 cumulos
767 1371 947 1419 repente
973 1364 1196 1418 disparuit.
1259 1364 1394 1404 Navis
1419 1353 1576 1412 autem,
1602 1363 1668 1403 cui
1694 1362 1857 1416 episco-

309 1450 389 1491 pus
409 1442 587 1491 preerat,
615 1437 793 1476 tandem
819 1441 919 1488 post
955 1434 1091 1474 multa
1117 1433 1304 1487 pericula
1329 1433 1384 1473 ad
1418 1432 1648 1473 Hosticam
1677 1431 1859 1472 insulam

310 1506 508 1547 fiuctibus
534 1511 738 1559 quassata
761 1504 968 1558 pervenit.
1031 1503 1229 1556 Cumque
1251 1503 1382 1543 tercio
1410 1502 1480 1542 die
1504 1501 1730 1555 episcopus
1756 1514 1861 1541 nau-

309 1581 400 1616 tam
426 1576 498 1629 qui
527 1575 583 1615 ab
615 1588 667 1615 eo
700 1579 876 1627 eruptus
905 1574 1044 1614 fuerat
1088 1574 1131 1613 in
1165 1571 1322 1613 carabo
1353 1572 1396 1613 in
1427 1571 1546 1611 nulla
1575 1572 1706 1612 maris
1738 1576 1861 1624 parte

309 1645 474 1686 videret
501 1657 723 1698 apparere,
753 1644 1034 1684 vehementer
1065 1641 1248 1683 afflictus
1281 1647 1502 1682 mortuum
1532 1654 1629 1681 eum
1664 1639 1859 1688 credidit,

309 1720 373 1756 set
414 1728 492 1768 per
530 1714 783 1767 obsequium
825 1713 1016 1754 caritatis
1057 1725 1189 1752 unum
1231 1711 1347 1764 quod
1394 1717 1566 1751 mortuo
1613 1710 1715 1764 [sol.
1757 1709 1860 1763 2862]

309 1783 497 1825 debebat
534 1784 758 1837 impendit,
798 1788 846 1823 ut
881 1783 1174 1836 omnipotenti
1210 1782 1307 1821 Deo
1344 1794 1422 1834 pro
1460 1779 1733 1820 absolutione
1768 1780 1859 1820 eius

309 1854 450 1894 anime
478 1852 620 1893 offerri
648 1852 845 1893 salutaris
866 1852 1043 1892 victime
1064 1850 1315 1891 sacrificium
1349 1849 1524 1890 iuberet.
1588 1848 1691 1902 Quo
1712 1848 1860 1890 oblato

308 1929 543 1964 restaurata
571 1923 669 1963 navi
698 1922 892 1975 perrexit
927 1921 981 1961 ad
1012 1920 1221 1960 Ytaliam.
1285 1920 1486 1972 Cumque
1521 1918 1576 1958 ad
1611 1919 1860 1959 Romanum

310 1998 483 2046 portum
502 1992 781 2046 pervenisset,
798 1990 881 2031 illic
897 1996 1073 2030 nautam
1096 1989 1258 2043 reperit
1280 2002 1411 2041 quem
1435 1994 1655 2028 mortuum
1679 1988 1860 2040 putavit.

312 2062 435 2102 Tunc
472 2062 695 2114 inopinata
729 2060 1003 2101 exultacione
1037 2059 1212 2112 gavisus
1246 2064 1324 2106 est,
1355 2071 1542 2110 eumque
1577 2056 1758 2110 qualiter
1793 2062 1860 2097 tot

312 2130 464 2171 diebus
492 2131 534 2170 in
568 2129 641 2170 illo
676 2131 786 2170 tanti
823 2130 953 2169 maris
991 2127 1178 2182 periculo
1211 2128 1356 2168 vivere
1383 2127 1596 2180 potuisset
1631 2126 1858 2179 inquisivit.

314 2200 400 2253 Qui
421 2198 620 2240 videlicet
640 2199 844 2239 indicavit
865 2198 1069 2251 quociens
1093 2198 1136 2237 in
1158 2196 1238 2237 illis
1255 2196 1527 2249 tempestatis
1545 2195 1744 2236 fluctibus
1761 2209 1861 2236 cum

313 2268 470 2310 eodem
492 2282 622 2322 quem
643 2267 821 2322 regebat
842 2267 1002 2308 carabo
1024 2267 1173 2308 fuisset
1202 2272 1408 2315 versatus,
1442 2265 1627 2319 qualiter
1655 2278 1755 2305 cum
1787 2265 1861 2305 illo

314 2339 440 2380 undis
462 2339 591 2391 pleno
612 2344 836 2378 nataverat
858 2344 901 2378 et
923 2338 1129 2390 quociens
1152 2350 1204 2377 eo
1227 2351 1252 2377 a
1274 2335 1481 2388 superiori
1504 2341 1629 2389 parte
1654 2334 1859 2375 deorsum

313 2421 437 2449 verso
460 2409 551 2461 ipse
576 2407 717 2447 carine
743 2408 831 2447 eius
861 2406 1201 2459 supersedebat;
1234 2406 1474 2457 adiungens
1503 2418 1601 2445 cum
1631 2403 1782 2445 diebus
1811 2418 1860 2444 ac

314 2477 513 2518 noctibus
542 2477 622 2517 hec
659 2478 923 2517 incessanter
955 2476 1123 2524 faceret,
1156 2476 1331 2528 iamque
1368 2475 1458 2515 eius
1494 2476 1632 2515 virtus
1667 2473 1860 2514 funditus

314 2561 370 2588 ex
393 2547 506 2587 fame
528 2545 653 2587 simul
673 2552 715 2586 et
737 2545 885 2586 labore
906 2545 1141 2594 cecidisset,
1167 2558 1253 2597 quo
1275 2557 1372 2584 eum
1393 2544 1548 2584 ordine
1569 2542 1863 2584 misericordia

316 2617 460 2657 divina
491 2616 726 2657 servaverit
757 2615 973 2655 indicavit.
1037 2614 1210 2654 Etenim
1234 2614 1365 2655 etiam
1389 2627 1501 2653 nunc
1523 2626 1659 2666 usque
1681 2618 1861 2653 testatur

317 2687 489 2727 dicens:
524 2685 774 2726 ‘Laborans
800 2686 843 2725 in
876 2684 1073 2725 fluctibus
1106 2690 1237 2737 atque
1273 2683 1489 2733 deficiens,
1528 2682 1670 2723 subito
1706 2681 1863 2722 mentis

318 2756 512 2808 pondere
533 2769 629 2795 sum
664 2760 877 2807 gravatus,
901 2754 960 2794 ita
996 2759 1042 2794 ut
1074 2766 1214 2806 neque
1248 2753 1475 2805 depressus
1507 2764 1693 2804 sompno
1720 2764 1860 2791 essem

319 2838 457 2877 neque
482 2824 657 2877 vigilare
686 2837 755 2864 me
779 2824 1022 2871 crederem;
1056 2836 1153 2863 cum
1185 2835 1283 2862 ecce
1313 2822 1355 2861 in
1388 2822 1542 2862 eodem
1575 2820 1722 2860 medio
1755 2820 1863 2859 mari

978 2912 988 2931 ¹
1002 2913 1076 2949 MS.
1103 2913 1170 2944 illa.
