2052 3278
73 485 158 516 Mat.
174 496 204 522 x,
217 494 268 525 34.

72 623 158 654 ΗΒ.
176 622 260 654 Ibid.

68 825 218 857 Athana-

68 869 138 900 sius
155 869 196 901 de

68 913 258 944 constituti-

69 956 190 987 onibus

67 999 232 1039 primitive

67 1043 266 1084 ecclesie(?).

68 1864 119 1896 Cf.
140 1865 186 1895 Io.

69 1908 202 1941 Beleth.

67 1952 244 1983 Rationale

67 1995 181 2027 Divin.

57 2039 152 2071 offic.

288 236 341 266 20
716 221 907 262 LIBER
939 219 1390 261 EXEMPLORUM

285 346 456 394 partum
484 341 604 394 virgo
631 344 836 379 maneret.
898 335 1031 389 Quod
1054 335 1278 376 credentes
1304 334 1582 387 impossibile,
1612 332 1825 386 templum

283 411 377 464 paci
412 409 532 463 quasi
572 414 777 462 perpetue
813 406 918 446 mire
954 404 1266 458 magnitudinis
1306 409 1649 452 construxerunt,
1692 402 1823 454 quod,

283 486 385 520 nato
419 492 469 519 eo
499 478 571 531 qui
602 490 687 517 non
723 477 841 516 venit
877 488 1028 528 pacem
1062 474 1233 515 mittere
1263 474 1338 514 sed
1369 473 1573 528 gladium,
1610 471 1825 512 solotenus

282 548 450 590 corruit.
513 547 615 587 Hoc
636 546 828 587 incidens
849 544 1037 585 breviter
1056 543 1247 597 tangitur
1267 544 1308 583 in
1330 543 1549 596 hystoriis.

371 620 458 670 (33)
495 618 694 657 Preterea
721 621 840 655 trans
872 614 1077 662 Tiberim,
1099 614 1171 655 ubi
1204 620 1268 654 est
1298 613 1431 654 modo
1464 612 1643 653 ecclesia
1674 617 1826 651 sancte

284 687 431 736 Marie,
449 685 545 726 fons
561 685 641 725 olei
658 684 799 737 erupit
815 691 859 724 et
880 683 1123 724 exuberans
1140 696 1288 723 versus
1304 682 1498 723 Tiberim
1515 681 1697 722 cucurrit
1714 695 1721 720 ε
1743 680 1825 721 hoc

282 756 411 796 etiam
432 755 629 796 scribitur
650 754 809 794 ibidem
831 753 909 794 sub
930 753 1152 793 brevitate.

367 827 381 874 (
388 827 457 877 34)
492 824 623 864 Aliud
645 824 820 877 quidem
842 821 1091 875 exemplum
1114 822 1321 862 memoria
1342 821 1521 874 dignum
1543 833 1630 860 non
1661 818 1828 859 medio-

280 895 406 934 criter
433 899 630 946 tempore
658 892 892 933 nativitatis
918 891 1086 932 celestis
1117 891 1229 944 regis
1260 905 1306 931 se
1337 889 1520 931 offerens
1551 889 1824 929 nativitatem

281 963 391 1003 illius
422 962 695 1016 singulariter
726 961 960 1014 insignivit.
1023 960 1140 1000 Nam
1173 961 1284 1000 sicut
1317 959 1449 1000 refert
1480 958 1750 999 Athanasius
1781 957 1824 997 in

280 1033 389 1073 libro
405 1033 460 1073 de
475 1030 856 1072 constitutionibus
872 1029 1088 1083 primitive
1106 1029 1292 1078 ecclesie,
1310 1028 1577 1070 Octavianus
1600 1027 1825 1080 Augustus

281 1108 382 1142 tunc
403 1100 610 1154 temporis
632 1101 866 1153 imperator
888 1098 1051 1148 mundi,
1073 1098 1152 1139 sub
1178 1111 1265 1151 quo
1293 1097 1489 1140 Christus
1513 1103 1639 1137 natus
1664 1103 1740 1145 est,
1770 1096 1826 1136 de

279 1170 458 1211 consilio
492 1169 657 1223 Sybille
692 1168 934 1222 Tyburtine
970 1168 1170 1221 deposito
1205 1167 1306 1220 [fol.
1346 1166 1448 1220 33a]
1482 1166 1747 1220 dyademate
1783 1170 1827 1205 et

280 1238 489 1293 imperiali
510 1244 662 1279 ornatu
683 1239 725 1278 in
748 1238 935 1290 quodam
962 1237 1069 1286 loco,
1100 1237 1143 1276 in
1175 1238 1317 1277 cinere
1345 1242 1388 1277 et
1416 1236 1553 1276 cilicio
1583 1235 1822 1276 Dominum

279 1309 471 1362 precibus
491 1308 703 1348 exoravit.
766 1306 825 1346 Et
843 1319 941 1346 ecce
957 1306 1064 1345 vidit
1084 1305 1224 1346 celum
1246 1305 1514 1358 patefactum
1531 1311 1574 1345 et
1597 1304 1822 1358 Virginem

280 1384 501 1418 tenentem
522 1378 566 1417 in
590 1375 788 1417 manibus
807 1375 1044 1428 parvulum.
1097 1375 1363 1428 Dictumque
1379 1381 1444 1416 est
1465 1376 1502 1415 ei
1524 1375 1579 1415 de
1595 1388 1668 1415 ea:
1699 1379 1706 1395 ‘
1724 1374 1824 1414 Hoc

278 1453 343 1487 est
365 1447 449 1487 Dei
470 1460 543 1487 ara
563 1446 648 1486 vivi
662 1444 683 1486 '.
747 1444 918 1484 Deinde
935 1444 1073 1484 redita
1093 1457 1201 1497 pace
1221 1443 1407 1493 ecclesie,
1424 1444 1466 1484 in
1483 1444 1638 1484 eodem
1656 1444 1750 1483 loco
1768 1443 1826 1484 ob

278 1516 534 1556 memoriam
553 1514 685 1554 divini
700 1512 859 1554 oraculi
876 1519 1123 1553 constructa
1136 1519 1202 1553 est
1216 1513 1394 1553 ecclesia
1412 1514 1454 1553 in
1471 1513 1679 1553 honorem
1697 1512 1824 1553 beate

279 1586 485 1639 VirginiS‚
508 1590 550 1626 et
570 1583 786 1638 appellata
806 1588 871 1624 est
896 1582 1076 1624 ecclesia
1103 1589 1253 1624 sancte
1281 1583 1421 1624 Marie
1446 1582 1503 1623 de
1527 1583 1621 1623 Ara
1648 1583 1732 1623 Dei
1756 1582 1823 1623 vel

279 1655 382 1696 Celi.
446 1654 637 1708 Explicit
657 1653 918 1706 exemplum.

723 1766 809 1820 [De
827 1765 1149 1818 festivitatibus
1178 1765 1385 1819 B.V.M.]

368 1863 454 1912 (35)
491 1860 614 1899 Nunc
643 1864 788 1898 autem
817 1870 901 1910 qua
929 1871 985 1897 ex
1012 1870 1141 1898 causa
1169 1864 1267 1897 orta
1294 1863 1361 1898 est
1391 1857 1630 1898 celebracio
1663 1857 1825 1898 festivi-

278 1930 375 1970 tatis
411 1930 595 1983 gloriose
629 1926 820 1981 Virginis
852 1927 907 1967 ad
944 1926 1152 1967 honorem
1186 1926 1296 1967 illius
1337 1927 1683 1980 subiungendum
1718 1941 1823 1968 sane

275 2000 384 2039 sicut
423 2000 630 2051 scripturn
672 1998 926 2037 invenimus.
1001 1996 1191 2049 Quidam
1233 1997 1445 2036 solitarius
1496 1996 1539 2036 in
1585 1997 1824 2037 eminencia

276 2070 480 2108 virtutum
507 2067 719 2121 preclarus
744 2079 841 2106 cum
872 2065 1120 2119 frequenter
1145 2065 1324 2118 singulis
1352 2067 1476 2105 annis
1503 2066 1545 2105 in
1572 2066 1641 2106 die
1665 2067 1821 2107 nativi-

277 2139 379 2178 tatis
406 2138 535 2178 beate
560 2137 753 2189 Virginis
778 2136 1018 2176 armoniam
1045 2134 1215 2175 celestis
1241 2135 1430 2175 melodie
1454 2135 1631 2183 audiret,
1656 2135 1823 2176 devotis

276 2207 469 2261 precibus
499 2221 524 2247 a
558 2207 751 2246 Domino
784 2205 1033 2257 impetravit
1068 2204 1148 2245 sibi
1179 2205 1349 2245 ostendi
1384 2218 1468 2258 qua
1498 2218 1557 2245 ex
1587 2218 1717 2245 causa
1747 2205 1822 2246 tali

275 2285 469 2330 tempore
489 2289 659 2329 semper
679 2274 844 2315 celestis
865 2275 1063 2314 armonia
1083 2274 1253 2315 auribus
1268 2275 1358 2314 eius
1375 2275 1576 2317 insonuit.
1627 2274 1822 2328 Angelus

276 2348 390 2387 enim
428 2346 607 2386 Domini
643 2345 780 2384 astitit
813 2343 960 2383 dicens
997 2343 1059 2382 ei:
1103 2342 1205 2383 Non
1243 2343 1417 2392 mireris,
1458 2357 1484 2383 o
1525 2343 1684 2384 devota
1722 2344 1821 2384 Deo

271 2417 431 2465 anima,
452 2416 582 2456 talem
607 2421 650 2454 te
671 2413 904 2453 melodiam
927 2412 1098 2452 audisse
1119 2413 1162 2452 in
1183 2412 1329 2452 celesti
1346 2413 1495 2465 patria.
1546 2412 1686 2466 Virgo
1706 2414 1820 2453 enim

270 2492 480 2540 perpetua
496 2498 578 2538 que
597 2484 738 2524 Deum
760 2481 907 2536 genuit
926 2481 1006 2521 hac
1024 2487 1149 2521 nocte
1165 2481 1327 2534 genita,
1345 2483 1406 2522 i.e.
1426 2489 1529 2522 nata
1545 2482 1635 2523 fuit.
1691 2482 1819 2536 Quod

274 2557 372 2597 licet
391 2556 446 2596 ab
466 2553 712 2595 hominibus
734 2554 963 2605 ignoretur,
994 2550 1048 2591 ab
1075 2551 1239 2604 angelis
1265 2557 1413 2592 tamen
1446 2552 1488 2591 in
1520 2552 1623 2592 celis
1653 2552 1820 2592 celebre

275 2626 456 2666 videtur.
518 2622 750 2664 Manifesta
776 2621 905 2674 igitur
932 2633 1015 2673 que
1040 2620 1183 2660 vidisti
1210 2626 1253 2660 et
1278 2621 1434 2661 audisti
1464 2628 1613 2661 sancte
1646 2621 1820 2662 ecclesie

273 2695 384 2744 filiis,
408 2700 453 2735 ut
473 2692 707 2734 concordes
732 2691 836 2731 fiant
861 2691 902 2730 in
929 2690 1009 2730 hac
1037 2689 1332 2730 celebracione
1359 2691 1507 2731 celesti
1532 2691 1657 2731 curie.
1720 2691 1819 2730 Hoc

275 2778 375 2805 cum
417 2764 599 2804 dixisset
639 2760 817 2813 angelus
858 2761 1007 2800 statim
1048 2759 1105 2799 ab
1149 2759 1282 2799 oculis
1326 2761 1416 2800 eius
1461 2761 1643 2801 evanuit.
1719 2759 1819 2812 Ipse

276 2847 390 2881 vero,
422 2834 529 2873 sicut
564 2835 811 2885 preceperat
842 2829 880 2868 ei
916 2828 1107 2881 angelus,
1138 2827 1444 2869 revelationem
1478 2829 1560 2870 sibi
1595 2835 1817 2869 ostensam

280 2902 585 2943 manifestavit.
654 2899 726 2939 Ex
761 2904 861 2938 tunc
896 2897 1075 2938 ecclesia
1107 2897 1380 2938 nativitatem
1417 2897 1543 2938 beate
1579 2897 1679 2951 [fol.
1721 2897 1819 2951 33b]
