2052 3278
337 247 388 290 54
765 237 957 279 LIBER
989 235 1443 278 EXEMPLORUM

330 359 452 394 verat
473 354 650 395 anulum
672 367 938 408 cognoscens
962 366 1068 393 mox
1093 353 1209 393 misit
1230 353 1279 393 ei.
1331 352 1473 406 Quem
1496 352 1567 392 illa
1587 364 1687 391 cum
1710 350 1873 402 gaudio

331 423 564 476 suscipiens
590 422 702 463 infra
727 422 921 463 triduum
951 422 1134 462 eundem
1162 421 1340 462 domino
1370 434 1447 462 suo
1474 419 1676 461 exhibuit
1700 425 1746 459 ut
1774 432 1871 472 pro-

332 491 455 533 misit.

118 560 294 636 gfghggn·
420 563 507 615 (97)
545 561 703 602 Adhuc
727 569 873 602 autem
896 561 1014 614 quod
1036 560 1078 601 in
1101 560 1213 601 libro
1243 560 1357 601 Petri
1391 559 1682 602 Cluniacensis
1703 557 1872 598 abbatis

115 647 156 678 de
172 629 316 680 Miraeu-
329 635 525 670 narratur
560 643 646 670 non
683 636 749 671 est
783 631 1027 680 tacendum,
1063 629 1266 671 videlicet
1301 629 1416 683 quod
1455 628 1631 682 quidam
1671 627 1871 668 sacerdos

114 691 242 777 Ῑεῑὲὲῧξ·
260 693 282 731 ³2
328 705 508 752 peccato
528 700 667 740 carnis
686 700 945 754 inquinatus,
969 713 1067 741 cum
1089 699 1179 740 sine
1201 704 1341 739 reatus
1362 698 1429 739 sui
1451 697 1693 750 penitencia
1721 696 1869 737 divina

181 759 188 766 ⁶
230 759 237 767 ⁸
326 768 540 809 celebrare
566 775 830 823 presumeret
851 775 893 810 et
912 782 1048 823 usque
1068 770 1124 810 ad
1146 774 1465 810 sacramentum
1498 766 1751 820 perveniret,
1773 779 1870 807 ecce

326 837 470 878 subito
492 845 812 880 sacramentum
834 838 890 879 ab
905 839 997 879 eius
1014 837 1209 878 manibus
1226 838 1401 878 evanuit
1417 850 1425 886 ;
1441 840 1454 863 1
1483 835 1601 889 quod
1619 841 1663 875 et
1680 834 1871 876 secundo

326 914 368 949 et
394 908 527 948 tercio
557 908 596 948 ei
621 909 788 949 accidit.
853 907 986 950 Unde
1011 907 1290 948 vehementer
1321 905 1585 960 stupefactus
1617 904 1866 959 episcopum

325 990 449 1018 suum
472 976 578 1019 adiit
600 983 642 1018 et
665 984 892 1031 peccatum
915 977 1126 1018 confitens
1147 977 1441 1031 penitenciam
1468 975 1646 1028 accepit.
1708 975 1868 1015 Trans-

325 1053 425 1087 acto
456 1048 585 1100 igitur
615 1047 658 1088 in
686 1048 931 1101 penitencia
959 1046 1097 1087 multo
1126 1053 1332 1100 tempore,
1367 1058 1464 1086 cum
1487 1059 1545 1085 ex
1567 1043 1758 1098 episcopi
1781 1044 1868 1085 dis-

325 1118 581 1170 pensacione
603 1118 646 1158 in
675 1131 751 1171 spe
773 1117 898 1158 venie
926 1118 1081 1158 iterum
1109 1116 1259 1157 divina
1289 1115 1546 1156 celebrasset
1573 1120 1617 1155 et
1649 1127 1784 1167 usque
1812 1114 1868 1155 ad

324 1185 622 1241 sumptionem
638 1187 870 1228 eukaristie
887 1187 1164 1240 pervenisset,
1188 1185 1292 1240 [sol.
1316 1185 1416 1239 56a]
1437 1184 1584 1226 subito
1600 1189 1702 1224 ante
1724 1185 1871 1225 oculos

325 1256 417 1296 eius
437 1256 567 1297 trium
600 1257 889 1310 predictarum
923 1255 1149 1298 missarum
1181 1256 1324 1296 hostie
1354 1268 1438 1308 que
1468 1254 1585 1308 prius
1606 1259 1871 1294 evanuerant

111 1330 208 1368 G.E.‚
228 1331 254 1368 Ι,
272 1330 295 1361 li
325 1332 628 1379 apparuerunt.
677 1326 866 1368 Calicem
887 1339 991 1367 vero
1013 1324 1101 1366 fere
1123 1325 1297 1379 plenum
1319 1325 1525 1378 sanguine
1546 1323 1720 1364 invenit.
1771 1323 1871 1364 Hoc

112 1376 157 1416 (p.
178 1374 263 1415 147l·
324 1396 459 1437 etiam
493 1397 746 1450 exemplum
789 1397 995 1450 scriptum
1038 1400 1103 1435 est
1144 1396 1187 1435 in
1228 1394 1336 1435 libro
1377 1395 1449 1447 qui
1491 1394 1644 1435 dicitur
1686 1393 1872 1434 Gemma

326 1464 834 1506 sacerdotalis—Nemo
865 1478 968 1519 ergo
999 1464 1165 1505 dubitet
1196 1462 1299 1517 quin
1326 1463 1463 1516 possit
1494 1461 1688 1503 invenire
1715 1476 1740 1502 a
1773 1462 1872 1503 Deo

324 1534 658 1576 misericordiam
699 1536 734 1575 si
775 1534 832 1575 de
874 1535 1064 1588 peccatis
1106 1535 1194 1575 suis
1231 1533 1422 1587 penitere
1457 1532 1651 1581 voluerit,
1689 1539 1733 1573 et
1769 1545 1871 1573 con-

325 1603 556 1644 fessionem
591 1616 746 1657 puram
784 1603 934 1646 facere.
1001 1603 1116 1644 Nam
1150 1602 1313 1655 absque
1344 1601 1478 1642 dubio
1510 1602 1698 1642 multum
1730 1601 1871 1655 placet

325 1673 423 1713 Deo
456 1673 702 1726 penitencia
731 1687 831 1714 vera
862 1678 905 1713 et
939 1672 1157 1714 confessio
1187 1684 1305 1726 pura,
1337 1670 1513 1724 quando
1547 1676 1722 1724 propter
1753 1670 1872 1724 peni-

322 1742 512 1782 tenciam
541 1748 584 1783 et
610 1741 924 1783 confessionem
956 1741 1192 1782 sacerdotis
1226 1740 1653 1781 memorati-tantam
1685 1740 1870 1794 gratiam

323 1811 403 1852 sibi
435 1812 666 1852 ostendere
692 1811 839 1861 voluit,
870 1810 987 1865 quod
1019 1810 1160 1851 eidem
1193 1815 1512 1850 sacrosanctum
1547 1815 1869 1850 sacramentum

323 1880 502 1921 reddere
530 1881 731 1935 dignatus
759 1887 836 1931 est,
865 1880 985 1934 quod
1014 1885 1191 1934 propter
1219 1879 1391 1932 culpam
1423 1892 1545 1919 suam
1575 1878 1872 1920 miserabiliter

324 1951 543 1993 amiserat.

112 2028 279 2079 Exempla
415 2022 503 2074 (98)
560 2021 680 2061 Inter
720 2021 926 2074 exempla
966 2033 1070 2061 vero
1112 2019 1302 2060 Deodati
1333 2019 1415 2059 hoc
1446 2019 1578 2059 etiam
1621 2032 1749 2072 super
1789 2018 1872 2059 hac

112 2072 272 2105 Deodati.
325 2090 504 2130 materia
545 2090 696 2143 reperi,
780 2089 980 2143 Quedam
1034 2089 1188 2129 mulier
1227 2088 1468 2142 coniugata,
1514 2101 1599 2141 que
1649 2087 1729 2129 sub
1778 2087 1871 2128 viro

323 2159 568 2200 adulterata
600 2159 751 2210 fuerat,
785 2164 958 2200 mortuo
990 2158 1082 2199 viro
1115 2172 1203 2208 suo,
1233 2158 1306 2198 vili
1337 2171 1384 2198 se
1416 2156 1633 2198 subiciens
1666 2156 1873 2211 prostitu-

324 2229 449 2278 cioni,
471 2235 642 2271 tantum
664 2229 873 2283 processit
901 2230 944 2270 in
974 2227 1241 2282 turpitudine
1270 2241 1346 2268 sua
1375 2227 1492 2281 quod
1523 2226 1723 2268 omnibus
1746 2227 1871 2268 bonis

325 2299 412 2340 suis
445 2298 739 2353 depauperata
770 2299 860 2349 fuit,
895 2305 1076 2352 propter
1111 2298 1230 2352 quod
1263 2311 1363 2338 cum
1401 2297 1576 2338 tristicia
1609 2297 1744 2338 nimia
1779 2311 1872 2351 per-

325 2367 582 2409 funderetur.
651 2368 795 2410 Affuit
835 2368 1049 2421 dyabolus
1090 2368 1131 2408 in
1174 2367 1320 2420 specie
1360 2366 1524 2407 iuvenis
1566 2372 1608 2407 et
1650 2366 1763 2407 dixit
1805 2367 1868 2408 ei:

326 2436 465 2490 ‘Quid
500 2443 567 2478 est
602 2437 718 2490 quod
754 2437 813 2478 sic
850 2437 1085 2478 tristaris?’
1148 2436 1228 2478 Cui
1261 2435 1497 2488 respondit,
1537 2435 1653 2489 quod
1691 2441 1872 2489 propter

323 2505 405 2547 hoc
438 2507 554 2560 quod
586 2508 646 2548 sic
677 2513 769 2548 erat
796 2507 1103 2560 depauperata.
1166 2505 1318 2546 Dixit:
1353 2505 1427 2547 ‘Si
1459 2506 1732 2559 adquieveris
1763 2505 1870 2545 mihi

325 2576 470 2616 omnia
491 2590 573 2630 que
594 2575 787 2617 habebas
809 2576 888 2616 tibi
910 2575 1142 2629 duplicabo
1159 2576 1179 2616 ⁵.
1242 2574 1321 2617 Cui
1350 2575 1604 2616 concedenti
1629 2574 1742 2615 dixit
1765 2574 1870 2627 dya-

325 2645 471 2686 bolus:
525 2647 653 2687 ‘Post
688 2645 779 2686 viii0
817 2646 909 2686 dies
944 2650 1133 2686 revertar
1168 2645 1223 2685 ad
1260 2651 1304 2685 te
1338 2650 1385 2685 ut
1421 2644 1551 2685 facias
1587 2644 1716 2685 michi
1751 2644 1868 2697 quod

325 2715 590 2769 promisisti'.
636 2709 738 2769 'Qui
759 2715 865 2756 abiit
886 2722 929 2756 et
949 2714 1120 2756 interim
1143 2714 1384 2768 procuravit
1416 2715 1531 2768 quod
1555 2714 1710 2755 misera
1733 2713 1869 2754 ditata

325 2784 417 2827 fuit.
482 2786 570 2840 Qui
600 2786 770 2826 rediens
801 2785 913 2826 dixit
945 2784 1007 2825 ei:
1041 2785 1152 2825 ‘Fac
1183 2783 1313 2825 michi
1346 2785 1462 2837 quod
1495 2782 1728 2837 promisisti
1742 2783 1759 2823 '.
1810 2783 1870 2823 Et

326 2855 480 2895 misere
509 2854 691 2896 libenter
721 2853 973 2895 concedenti
1004 2853 1118 2894 dixit
1148 2852 1380 2906 dyabolus:
1414 2853 1634 2894 ‘Primum
1661 2858 1726 2893 est
1753 2851 1868 2905 quod

961 2947 972 2966 1
984 2948 1059 2978 MS.
1077 2947 1236 2978 mvanuit.
