2052 3278
79 1088 179 1124 G.E.,
200 1088 226 1125 1,

78 1132 111 1163 ix
126 1132 168 1173 (p-
190 1132 255 1172 34)-

84 1993 101 2013 1
122 1983 197 2015 Cor.
215 1983 256 2021 xi,

85 2036 136 2065 29.

85 2119 184 2157 G.E.‚
204 2120 230 2155 Ι,

84 2164 129 2194 liv
141 2163 184 2205 (p.
199 2163 283 2204 163).

89 2466 187 2503 Ibid.‚
206 2466 251 2497 liv

84 2513 134 2551 (p.
156 2511 240 2550 163).

290 208 313 248 8
716 202 906 244 LIBER
937 200 1389 243 EXEMPLORUM

289 321 500 362 Ricardus
522 320 805 361 Albericanus
827 316 1119 370 nuncupative
1140 317 1377 358 dicebatur.
1424 315 1659 369 Speculum
1681 321 1828 356 autem

287 391 503 444 religionis
525 396 569 430 et
590 389 704 430 bone
725 387 984 427 moralitatis
1007 386 1074 425 hic
1096 392 1192 426 erat
1208 386 1252 426 in
1269 386 1397 436 clero,
1415 385 1580 425 ieiuniis
1601 390 1645 424 et
1661 384 1828 437 vigiliis,

288 457 560 501 abstinenciis
601 456 746 498 multis
786 461 829 495 et
870 455 1111 495 orationum
1158 455 1377 495 instanciis
1417 467 1573 507 corpus
1619 451 1829 506 affligens,

287 542 418 581 seque
449 529 492 568 in
529 527 858 567 elemosinarum
892 523 1194 576 largicionibus
1227 530 1370 564 totum
1403 523 1680 564 exhauriens.
1741 521 1829 562 Hic

289 605 434 639 tamen
474 609 570 636 cum
613 594 765 635 morbo
805 592 920 633 letali
962 598 1185 646 correptus
1226 591 1512 641 decubuisset,
1551 591 1748 632 oblatum
1790 592 1829 631 ei

285 679 442 719 corpus
481 664 746 705 dominicum
788 675 958 702 sumere
996 676 1086 702 non
1133 663 1287 716 potuit.
1364 661 1623 714 Quinimmo
1662 660 1828 700 vultum

288 736 421 776 etiam
453 734 612 774 invitus
634 732 802 778 avertit,
824 731 971 771 dicens
993 731 1032 770 ei
1053 731 1137 771 hoc
1157 730 1291 784 digno
1313 731 1397 771 Dei
1419 730 1576 770 iudicio
1599 729 1832 781 contigisse

290 805 390 856 quia
422 802 589 842 firmam
620 801 744 841 huius
780 799 943 840 articuli
976 799 1107 840 fidem
1142 813 1366 853 nunquam
1409 799 1569 840 habere
1609 797 1831 850 prevaluit.

292 874 351 913 Et
382 873 441 913 sic
471 872 632 924 absque
661 871 822 911 viatico
849 870 989 909 carnis
1019 870 1218 909 universe
1246 870 1360 909 viam
1391 881 1560 921 gressus
1588 872 1632 908 et
1662 866 1831 907 utinam

290 943 465 992 bonam,
489 939 615 981 rebus
636 939 833 980 humanis
856 944 1091 991 exemptus
1111 944 1190 979 est.

352 1013 439 1062 (13)
474 1009 723 1051 Secundum
743 1014 890 1048 autem
910 1007 1162 1061 exemplum
1184 1020 1271 1047 non
1293 1006 1429 1047 multo
1450 1007 1592 1046 minus
1608 1004 1831 1045 horridum

292 1087 336 1121 et
377 1079 541 1121 ibidem
586 1079 791 1131 scriptum
834 1083 877 1117 et
917 1076 960 1116 in
1003 1077 1081 1117 hec
1122 1076 1262 1117 verba.
1329 1076 1442 1116 Item
1484 1073 1736 1128 exemplum
1778 1073 1834 1113 de

293 1149 477 1191 Urbano
500 1162 614 1202 papa
636 1147 766 1187 tertio
796 1146 853 1187 ab
876 1146 1137 1187 Alexandro
1158 1146 1302 1195 tertio,
1327 1146 1400 1198 qui
1428 1146 1484 1185 de
1504 1144 1832 1197 archiepiscopo

293 1218 611 1259 Mediolanensi
639 1218 682 1256 in
714 1215 1012 1269 apostolatum
1044 1220 1305 1268 assumptus,
1335 1215 1398 1255 vir
1425 1214 1635 1267 eloquens
1665 1212 1834 1253 ecclesi-

291 1288 413 1329 astici
454 1287 607 1340 rigoris
647 1292 778 1339 atque
825 1286 1003 1334 iusticie,
1044 1284 1183 1325 zelum
1230 1284 1394 1325 habens
1439 1283 1675 1324 secundum
1717 1281 1832 1335 quod

290 1356 535 1398 exteriora1
561 1355 893 1409 pretendebant,
928 1367 1026 1394 cum
1058 1355 1100 1394 in
1137 1354 1292 1394 mortis
1328 1352 1509 1393 articulo
1544 1350 1831 1400 decubuisset,

292 1426 404 1467 sedit
425 1426 545 1479 quasi
566 1424 622 1465 ad
644 1425 852 1477 exequias
873 1424 964 1465 eius
985 1423 1148 1472 mulier,
1166 1424 1273 1463 sicut
1294 1422 1412 1463 fama
1433 1422 1606 1471 ferebat,
1629 1421 1833 1461 instinctu

291 1496 525 1537 demonum
542 1494 782 1548 prestolans
799 1495 960 1547 eripere
976 1493 1179 1534 viaticum
1201 1493 1256 1532 de
1279 1505 1353 1532 ore
1375 1493 1465 1532 eius
1483 1507 1490 1532 :
1514 1490 1636 1544 quod
1657 1489 1834 1543 quidem

290 1570 559 1617 assumptum
582 1563 878 1604 transmittere
898 1577 985 1603 non
1007 1563 1189 1604 valebat.
1228 1561 1321 1601 Nos
1342 1567 1490 1601 autem
1510 1573 1687 1600 causam
1710 1560 1834 1599 huius

292 1634 589 1687 impedimenti
613 1634 721 1673 scire
745 1646 834 1673 non
855 1632 1073 1674 valemus:
1106 1631 1388 1673 nihilominus
1411 1637 1560 1670 tamen
1583 1629 1835 1669 dolorosum

291 1704 650 1757 impedimentum
673 1702 804 1742 fuisse
828 1700 1476 1755 cognoscimus—Exemplum
1501 1700 1641 1739 eciam
1665 1699 1835 1739 timoris

293 1773 392 1813 hinc
413 1772 618 1813 habemus
640 1771 847 1822 notabile,
866 1778 913 1812 ut
934 1785 1031 1812 cum
1053 1772 1212 1812 timore
1234 1784 1396 1823 magno
1418 1769 1474 1809 ad
1495 1769 1608 1809 hanc
1629 1767 1836 1808 celestem

295 1855 490 1883 mensam
514 1840 617 1894 [fol.
644 1852 667 1881 2
676 1840 741 1893 5b]
768 1840 1040 1889 accedamus,
1064 1854 1132 1890 ne,
1156 1841 1238 1880 etsi
1269 1852 1492 1880 sumamus
1517 1837 1720 1878 ferculum
1751 1836 1838 1877 vite

295 1910 680 1960 sacramentaliter,
699 1911 858 1950 virtute
873 1910 1092 1962 privemur
1109 1915 1233 1950 tante
1250 1908 1525 1957 refeccionis;
1558 1908 1695 1947 immo
1718 1907 1836 1959 quod

294 1981 464 2033 gravius
496 1986 577 2029 est,
603 1980 720 2032 quod
752 1984 845 2019 erat
877 1980 930 2019 ad
957 1980 1109 2028 vitam,
1132 1979 1187 2019 ad
1220 1978 1585 2031 dampnationem
1615 1989 1838 2016 sumamus

296 2056 502 2090 eternam.
566 2048 682 2101 Quia
703 2048 782 2101 qm·
799 2049 1033 2088 manducat
1053 2055 1092 2088 et
1112 2048 1219 2088 bibit
1238 2048 1426 2100 z‘ndzgne,
1449 2052 1528 2087 etc.

383 2118 474 2172 (14)
508 2119 705 2158 Tertium
722 2119 764 2158 in
783 2119 949 2158 eodem.
1003 2118 1196 2171 Quidam
1218 2119 1273 2159 de
1297 2117 1482 2158 Eboraci
1504 2115 1660 2157 finibus
1682 2128 1839 2168 corpus

298 2188 475 2229 Domini
495 2187 565 2228 die
587 2186 774 2240 paschali
795 2189 977 2240 sumpsit
995 2187 1194 2240 indigne,
1227 2200 1314 2227 non
1331 2186 1447 2227 enim
1467 2198 1583 2226 sacre
1600 2184 1839 2238 penitentie

298 2271 374 2311 pro
396 2258 581 2311 peccatis
603 2257 688 2297 suis
710 2270 755 2297 se
775 2256 1033 2300 subdiderat.
1094 2257 1180 2310 Qui
1204 2257 1358 2298 eodem
1385 2256 1456 2297 die
1481 2262 1580 2309 post
1609 2254 1837 2308 prandium

298 2327 413 2380 quod
441 2332 680 2380 sumpserat
706 2331 846 2367 totum
875 2326 1076 2376 evomuit,
1103 2327 1296 2367 similiter
1324 2327 1367 2366 in
1396 2325 1580 2366 crastino
1609 2324 1670 2365 sic
1697 2329 1741 2364 et
1770 2323 1840 2363 die

296 2395 433 2445 tertio,
457 2409 535 2436 nec
554 2396 735 2435 cessavit
756 2395 892 2435 donec
916 2397 1112 2448 spiritum
1135 2395 1333 2436 exalavit.

388 2469 475 2518 (15)
510 2465 720 2517 Quartum
737 2465 867 2504 etiam
885 2464 1043 2505 ibidem
1069 2464 1264 2505 scribitur
1284 2465 1327 2504 in
1349 2465 1428 2504 hec
1450 2463 1593 2505 verba.
1648 2461 1842 2516 Contigit

297 2538 426 2577 etiam
449 2535 528 2576 hiis
548 2535 703 2575 nostris
733 2533 884 2574 diebus
917 2535 958 2574 in
993 2534 1154 2587 Anglia
1188 2534 1397 2574 Devonee
1429 2532 1585 2573 finibus
1620 2531 1838 2585 quendam

299 2606 368 2647 die
390 2603 579 2659 paschali
614 2604 723 2643 inter
755 2603 859 2643 alios
893 2604 1168 2644 eukaristiam
1202 2604 1451 2656 sumpsisse.
1515 2602 1658 2656 Quam
1693 2607 1840 2642 tamen

299 2677 514 2728 integram
549 2687 623 2714 ore
654 2679 929 2722 reservatam,
963 2687 1048 2726 qua
1081 2673 1133 2713 de
1173 2686 1301 2714 causa
1337 2674 1489 2720 nescio,
1528 2670 1759 2712 custodivit
1798 2677 1842 2711 et

299 2745 447 2785 statim
493 2744 669 2783 domum
716 2743 934 2783 redeundo
969 2748 1196 2795 ortumque
1232 2755 1356 2782 suum
1398 2741 1611 2790 intrando,
1651 2740 1840 2780 vindicta

300 2813 502 2854 divinitus
522 2811 635 2859 data,
658 2824 703 2851 se
724 2811 907 2864 propriis
930 2811 1128 2851 manibus
1150 2810 1305 2864 laqueo
1325 2810 1560 2864 suspendit.

927 2901 937 2919 1
950 2901 1025 2932 MS.
1045 2900 1220 2931 exc’ciora.
