2052 3278
157 356 252 394 V.P.,

157 401 279 441 Appx.‚
298 411 329 442 p.

156 443 231 483 985-

154 1463 209 1495 Ps.
221 1463 287 1501 ciii,
299 1472 351 1496 20.

375 247 453 287 114
799 235 988 275 LIBER
1023 234 1484 278 EXEMPLORUM

367 352 540 392 silencio
562 350 908 405 pretereundum,
929 351 984 391 de
1012 363 1099 403 quo
1132 350 1192 391 sic
1224 351 1352 392 refert
1383 352 1561 404 quidam
1596 351 1768 393 ibidem.
1844 352 1921 392 Me

366 426 572 475 pergente
603 419 645 460 in
678 420 956 461 solitudinem
987 420 1158 460 circuivi
1190 427 1360 462 sanctos
1392 427 1534 474 patres
1569 434 1709 474 usque
1740 421 1831 462 dies
1863 421 1920 474 iij,

366 491 476 530 inter
513 503 621 542 quos
662 490 799 542 reperi
833 488 1060 537 Paschum,
1092 502 1221 542 quem
1263 504 1415 531 omnes
1446 491 1520 543 qui
1553 490 1595 530 in
1625 489 1700 530 illo
1732 491 1914 531 heremo

367 565 510 612 patres
549 559 877 601 venerabantur.
963 556 1048 610 Qui
1091 565 1134 599 et
1164 560 1223 600 ait
1255 560 1361 600 mihi
1403 558 1628 600 confitenti
1671 560 1918 612 passionem

370 641 512 668 meam
532 641 539 667 1
573 626 676 667 Non
708 627 936 668 conturbet
964 633 1008 667 te
1037 627 1116 668 hec
1140 641 1294 668 causa:
1327 642 1415 669 non
1439 629 1555 668 enim
1574 627 1588 650 1
1610 628 1768 681 pateris
1789 628 1872 669 hoc
1894 642 1920 668 a

369 697 659 750 negligencia:
691 702 918 737 attestatur
949 697 1065 737 enim
1097 697 1173 738 tibi
1204 703 1247 737 et
1278 697 1396 737 locus
1428 703 1471 737 et
1502 696 1733 737 difficultas
1765 710 1919 746 rerum,

371 772 412 806 et
434 766 535 819 quia
555 780 642 806 non
661 772 725 806 est
746 766 789 806 in
812 765 914 806 locis
935 765 1016 806 illis
1038 766 1124 806 ulla
1143 766 1339 807 visitacio
1360 766 1621 807 feminarum
1640 779 1648 816 3
1681 771 1747 806 set
1779 767 1919 819 magis

369 849 427 875 ex
442 835 603 876 invidia
618 835 807 888 dyaboli,
824 834 896 888 qui
912 848 1083 888 semper
1096 834 1272 876 festinat
1285 836 1484 889 decipere
1499 836 1666 875 animas
1680 835 1920 876 hominum.

370 904 482 945 Ecce
499 910 545 945 ut
565 904 686 945 vides
710 918 780 945 me
801 905 887 944 iam
911 918 1059 944 senem
1083 904 1318 953 hominem,
1340 904 1723 957 quadragesimum
1756 917 1917 944 annum

367 973 508 1015 habeo
527 974 569 1014 in
590 974 670 1014 hac
691 973 809 1022 cella,
831 979 874 1014 et
894 973 1132 1014 auxiliante
1150 973 1307 1014 Christi
1324 973 1469 1026 gracia
1491 972 1695 1013 sollicitus
1710 973 1766 1013 de
1782 973 1920 1013 salute

368 1044 513 1084 anime
536 1057 643 1093 mee,
674 1048 822 1083 tamen
853 1055 987 1095 usque
1016 1056 1129 1083 nunc
1160 1042 1498 1096 temptacionem
1532 1041 1738 1084 sustineo.
1801 1042 1917 1082 Nam

367 1101 637 1153 sacramento
677 1112 877 1153 dicebat2
921 1111 1038 1161 mihi,
1081 1111 1181 1164 quia
1213 1125 1288 1165 per
1319 1111 1381 1152 xii
1412 1125 1546 1152 annos
1578 1117 1678 1165 post
1708 1111 1919 1164 quinqua-

368 1183 579 1235 gesimum
612 1195 775 1222 annum
808 1194 896 1221 non
927 1187 1056 1221 nocte
1087 1194 1168 1221 nec
1199 1181 1269 1221 die
1302 1180 1407 1220 mihi
1444 1180 1646 1233 pepercit.
1710 1180 1920 1234 Egressus

367 1253 496 1305 igitur
514 1251 744 1292 circuibam
768 1264 877 1304 pene
898 1250 1188 1298 solitudinem,
1210 1256 1254 1290 et
1274 1248 1419 1290 inveni
1442 1250 1691 1303 speluncam
1715 1250 1849 1298 leene,
1876 1256 1918 1290 et

368 1321 489 1374 posui
513 1334 583 1361 me
615 1322 759 1361 iacens
788 1319 845 1361 ibi
867 1320 1031 1359 nudum
1055 1333 1131 1372 per
1152 1324 1291 1359 toturn
1314 1319 1443 1368 diem,
1466 1326 1513 1359 ut
1535 1318 1809 1373 egredientes
1829 1318 1919 1359 fere

366 1391 693 1432 commederent
733 1401 814 1430 me.
898 1388 1007 1430 Cum
1045 1401 1148 1441 ergo
1181 1387 1293 1428 facta
1324 1394 1437 1428 esset
1466 1401 1647 1441 vespera
1677 1389 1915 1428 secundum

365 1460 479 1513 quod
521 1459 727 1512 scriptum
770 1464 861 1498 est:
891 1456 1091 1497 Posuisti
1122 1456 1315 1497 tenebras
1350 1463 1390 1497 et
1418 1457 1548 1509 facta
1589 1463 1651 1497 est
1689 1471 1781 1507 nox,
1823 1463 1916 1507 ete.,

364 1530 632 1583 egredientes
663 1528 811 1577 bestie,
834 1527 1048 1568 masculus
1069 1532 1112 1567 et
1130 1526 1301 1576 femina,
1326 1526 1493 1567 adorati
1516 1533 1614 1567 sunt
1636 1540 1706 1567 me
1728 1541 1753 1567 a
1773 1528 1917 1580 capite

364 1613 498 1653 usque
519 1599 573 1639 ad
597 1599 740 1652 pedes,
762 1597 976 1651 lingentes
998 1610 1069 1637 me
1084 1602 1237 1645 totum,
1256 1602 1299 1636 et
1316 1602 1581 1636 recesserunt
1597 1610 1622 1636 a
1640 1610 1723 1639 me.
1787 1596 1917 1650 Cogi-

365 1669 453 1710 tavi
474 1681 577 1722 ergo
593 1668 709 1721 quod
735 1667 854 1708 Deus
876 1667 1067 1720 pepercit
1090 1665 1230 1715 michi,
1253 1672 1296 1706 et
1329 1679 1522 1706 reversus
1557 1679 1652 1706 sum
1685 1665 1728 1706 in
1760 1665 1914 1707 cellam

364 1751 522 1780 meam.
587 1738 689 1778 Post
711 1750 869 1790 paucos
890 1742 1037 1776 autem
1058 1734 1150 1776 dies
1171 1736 1326 1775 iterum
1357 1735 1512 1776 eadem
1547 1735 1785 1789 temptacio
1813 1736 1916 1776 vali-

361 1808 456 1849 dius
486 1806 716 1848 insurrexit
748 1806 892 1847 michi.
972 1804 1217 1846 Conversus
1250 1805 1365 1845 enim
1397 1804 1561 1845 demon
1592 1804 1636 1845 in
1669 1804 1775 1858 [fol.
1809 1804 1913 1860 97a]

362 1876 655 1931 Ethiopissam
692 1875 893 1929 puellam,
935 1887 1066 1927 quam
1109 1874 1343 1925 aliquando
1385 1873 1579 1914 videram
1613 1874 1655 1913 in
1693 1875 1916 1915 iuventute

359 1961 457 1988 mea
478 1947 520 1987 in
554 1958 693 1986 messe
723 1945 862 1998 spicas
893 1944 1183 1997 colligentem.
1248 1941 1373 1983 Sedit
1405 1956 1535 1996 super
1565 1956 1708 1996 genua
1740 1957 1839 1984 mea
1870 1950 1914 1985 et

357 2017 638 2057 vehementer
678 2029 749 2055 me
781 2015 1045 2063 commovit3
1093 2013 1209 2054 unde
1248 2026 1346 2053 cum
1388 2012 1524 2053 nimio
1567 2012 1708 2054 furore
1740 2014 1841 2054 dedi
1873 2013 1912 2054 ei

359 2101 527 2142 pugnos
549 2093 592 2128 et
614 2086 762 2139 alapas
783 2086 826 2125 in
848 2083 1059 2133 maxillas,
1082 2090 1125 2125 et
1146 2083 1296 2125 statim
1317 2097 1404 2124 non
1426 2084 1667 2137 comparuit
1695 2083 1913 2125 fantasma

359 2157 462 2198 illud
481 2171 488 2207 3
518 2171 594 2211 per
615 2155 836 2197 biennium
858 2155 975 2195 enim
990 2167 1142 2194 manus
1159 2166 1266 2202 mee,
1280 2153 1394 2194 unde
1413 2153 1600 2207 percussi
1618 2153 1740 2207 quasi
1756 2153 1909 2195 faciem

357 2227 459 2277 eius,
481 2226 662 2267 fetorem
680 2224 858 2265 sufferre
872 2237 959 2264 non
980 2229 1194 2277 poteram.
1249 2222 1547 2276 Desperabam
1570 2235 1673 2276 ergo
1696 2223 1752 2263 de
1773 2222 1911 2264 salute

356 2296 504 2337 anime
526 2309 633 2336 mee.
688 2293 849 2347 Audivi
866 2306 1017 2333 vocem
1040 2298 1083 2332 et
1104 2291 1262 2332 factam
1281 2292 1323 2332 in
1343 2305 1475 2332 sensu
1493 2305 1592 2332 meo
1609 2297 1652 2332 et
1665 2291 1884 2333 dicentem
1902 2306 1911 2333 :

357 2366 499 2414 Vade,
515 2364 694 2413 Pascho,
711 2369 875 2404 certare
890 2376 898 2412 ;
927 2367 1155 2415 propterea
1168 2361 1284 2401 enim
1299 2360 1378 2401 hec
1392 2366 1435 2401 te
1449 2361 1625 2414 permisi
1642 2361 1742 2414 pati,
1761 2366 1808 2401 ut
1821 2375 1908 2402 non

353 2435 480 2476 aliter
495 2434 635 2488 sapias
651 2447 730 2473 nec
747 2431 968 2473 extollaris
985 2431 1106 2484 quasi
1125 2431 1168 2471 in
1186 2430 1412 2472 virtutibus
1429 2430 1524 2480 tuis,
1543 2436 1609 2471 set
1625 2443 1908 2484 recognoscas

357 2504 654 2545 infirmitatem
676 2507 797 2542 tuam
819 2507 862 2541 et
884 2514 972 2541 non
992 2500 1186 2541 confidas
1208 2500 1250 2539 in
1273 2501 1606 2540 conversacione
1638 2506 1725 2549 tua,
1748 2506 1792 2540 et
1812 2499 1909 2540 sub-

352 2575 472 2616 ditus
493 2580 535 2614 et
566 2572 741 2613 humilis
771 2572 839 2619 sis,
870 2569 1091 2610 confidens
1122 2568 1165 2609 in
1197 2568 1457 2609 adiutorium
1492 2568 1587 2610 Dei.
1671 2568 1737 2609 Ita
1767 2573 1908 2609 certus

353 2643 547 2693 effectus,
577 2643 632 2684 de
666 2640 904 2682 auxiliante
941 2637 1229 2679 misericordia
1271 2637 1479 2687 Domini,3
1509 2651 1705 2678 reversus
1736 2652 1831 2678 sum
1863 2638 1907 2679 in

355 2713 509 2754 cellam
549 2725 706 2760 meam,
743 2708 942 2764 pacificos
978 2708 1143 2749 habens
1181 2707 1366 2760 reliquos
1408 2707 1513 2748 dies.
1600 2706 1790 2760 Explicit
1830 2722 1906 2748 ex-

355 2782 564 2836 emplum.

544 2892 554 2911 ²
569 2892 644 2923 MS.
661 2900 731 2922 non
748 2888 925 2921 conturbet
942 2887 982 2919 de
999 2887 1063 2919 hac
1081 2897 1194 2923 eausa,
1213 2888 1291 2918 fine.
1423 2887 1436 2906 2
1451 2887 1526 2918 MS.
1546 2886 1715 2918 dicebant.

546 2936 559 2955 3
574 2935 649 2967 MS.
666 2940 700 2966 et
717 2933 901 2965 auxiliante
918 2931 1021 2963 michi
1040 2931 1199 2963 Domino.
