2052 3278
328 252 381 291 28
754 247 947 289 LIBER
979 246 1434 288 EXEMPLORUM

323 371 368 406 ut
389 367 443 406 ad
467 365 685 406 civitatem
718 365 994 418 proiceretur,
1027 363 1206 403 dimissa
1237 361 1438 403 machina
1471 368 1520 401 ut
1556 361 1724 408 iaceret,
1760 358 1872 413 lapis

322 447 491 475 sursum
527 434 747 474 ferebatur
778 439 820 473 et
851 439 1084 472 retrorsum
1115 431 1446 484 retorquebatur
1477 436 1521 470 et
1552 442 1610 469 ex
1646 428 1869 480 inopinato

321 503 473 544 cecidit
489 517 618 556 super
640 503 837 542 iuvenem
860 507 1147 542 memoratum
1170 507 1214 540 et
1236 501 1377 553 ipsum
1400 511 1497 540 cum
1521 505 1635 538 terra
1655 510 1868 549 conquas-

321 573 445 614 savit.
511 572 568 612 Et
590 586 690 612 ecce
706 572 749 611 in
767 572 882 611 hunc
906 571 1087 611 modum
1103 576 1282 623 propter
1302 570 1512 609 honorem
1531 574 1623 607 tarn
1648 565 1871 606 modicum

323 642 510 694 gloriosa
528 642 678 681 mundi
696 641 842 694 regina
863 641 1056 680 animam
1074 640 1184 680 illius
1202 638 1257 679 de
1273 652 1347 679 ore
1363 638 1498 678 leonis
1520 636 1732 685 liberavit,
1749 642 1792 675 et
1815 635 1873 688 ad

325 710 458 750 vitam
473 716 666 750 eternam
681 709 1080 749 misericordissime
1094 707 1352 761 preparavit.
1397 704 1594 759 Explicit
1606 703 1874 757 exemplum.

411 780 503 831 (45)
536 780 673 820 Modo
696 778 855 819 accidit
878 778 1128 831 exemplum
1159 777 1272 830 quod
1301 776 1444 817 audivi
1470 773 1655 815 Parisius
1677 774 1870 826 quadam

320 849 411 888 vice
450 848 562 890 infra
607 855 785 889 octavas
817 847 1126 900 assumptionis
1167 846 1439 899 gloriossime
1471 843 1665 884 Domine
1707 847 1866 883 nostre.

324 917 516 971 Quidam
537 918 667 959 frater
702 918 1035 959 Bartholomeus
1071 917 1261 965 nomine,
1288 917 1343 956 de
1365 915 1521 964 Ytalia,
1543 914 1609 954 vir
1641 913 1869 966 religiosus

322 994 366 1028 et
417 988 657 1029 admodum
698 989 922 1036 litteratus,
967 986 1208 1040 predicavit
1248 984 1453 1025 fratribus
1496 985 1538 1024 in
1581 981 1773 1037 capitulo
1816 982 1875 1022 de

323 1070 498 1110 gemma
511 1058 589 1098 celi
607 1058 807 1110 gloriosa,
821 1058 876 1097 de
892 1069 979 1109 qua
995 1061 1039 1096 et
1050 1055 1134 1095 hoc
1148 1054 1402 1107 exemplum
1418 1053 1642 1094 referebat.
1705 1052 1873 1100 Frater,

323 1127 476 1179 inquit,
500 1127 642 1167 adhuc
663 1127 768 1167 vivit
790 1126 874 1178 qui,
899 1138 997 1165 cum
1016 1125 1086 1165 die
1107 1124 1293 1177 quadam
1318 1123 1504 1164 orationi
1527 1123 1717 1162 intentus
1740 1125 1873 1160 staret

323 1196 364 1236 in
387 1196 577 1246 ecclesia,
602 1196 709 1236 vidit
731 1195 773 1234 in
805 1196 970 1235 visione
997 1194 1138 1234 celum
1171 1200 1370 1246 apertum
1404 1200 1447 1233 et
1483 1192 1677 1245 reginam
1713 1190 1877 1230 miseri—

325 1267 469 1306 cordie
491 1265 591 1321 [fol.
611 1268 661 1317 38
685 1267 749 1306 bz's
773 1265 851 1318 (a)]
875 1279 1018 1305 coram
1053 1263 1163 1304 Filio
1183 1270 1275 1312 SUO,
1298 1263 1496 1303 manibus
1521 1262 1727 1311 extensis,
1753 1260 1873 1314 geni-

324 1335 401 1375 bus
439 1336 727 1389 provolutam,
751 1349 835 1388 que
870 1336 930 1374 sic
967 1333 1300 1387 provolvebatur
1333 1332 1585 1385 suppliciter
1622 1344 1750 1371 orans
1790 1343 1873 1383 pro*

324 1406 513 1458 quodam
537 1411 765 1458 peccatore
786 1417 862 1457 per
884 1410 1022 1443 totam
1038 1402 1222 1455 patriam
1245 1401 1416 1441 famoso
1437 1402 1587 1454 utique
1609 1401 1721 1440 male
1743 1400 1874 1440 fame.

327 1474 391 1515 Ut
427 1481 572 1514 autem
599 1474 783 1513 breviter
815 1474 994 1522 dicatur,
1019 1473 1078 1512 ita
1112 1477 1202 1511 erat
1234 1471 1385 1524 plenus
1416 1470 1608 1522 dyabolo
1646 1470 1761 1522 quod
1795 1482 1874 1508 nec

325 1543 470 1583 Deum
508 1544 653 1583 timuit
686 1556 765 1583 nec
800 1542 1025 1582 hominem
1061 1541 1237 1582 curavit.
1304 1540 1452 1579 Frater
1489 1544 1755 1579 memoratus
1787 1539 1874 1578 hoc

326 1612 434 1652 vidit
455 1619 519 1653 set
541 1613 640 1666 quid
675 1619 820 1652 actum
843 1618 910 1652 est
930 1611 1121 1651 nescivit.
1186 1610 1301 1650 Nam
1336 1609 1445 1649 visio
1473 1608 1623 1649 statim
1647 1607 1872 1660 disparuit.

328 1682 478 1722 Frater
514 1695 616 1735 ergo
647 1681 897 1722 desiderans
930 1680 987 1720 rei
1024 1680 1190 1720 exitum
1224 1691 1473 1731 agnoscere,
1509 1678 1676 1731 accepit
1709 1676 1874 1717 socium

325 1757 373 1791 ut
410 1753 489 1792 iret
520 1752 575 1792 ad
611 1751 750 1791 virum
783 1751 836 1791 ad
870 1750 1108 1790 videndum
1141 1749 1175 1788 si
1205 1748 1320 1789 forte
1352 1748 1482 1789 beata
1512 1747 1652 1799 Virgo
1689 1745 1874 1798 gratiam

326 1819 405 1860 sibi
429 1819 715 1873 impetrasset.
780 1819 978 1871 Cumque
1009 1818 1179 1857 veniret
1214 1817 1268 1857 ad
1305 1817 1449 1856 locum
1483 1816 1636 1856 videns
1669 1828 1770 1855 eum
1799 1814 1879 1855 ini—

326 1903 436 1942 quus
460 1889 538 1939 ille,
560 1903 650 1930 non
673 1891 758 1929 iam
780 1889 950 1941 iniquus
972 1894 1037 1927 set
1054 1887 1216 1940 pietate
1234 1886 1395 1928 Christi
1410 1885 1618 1938 perfusus,
1635 1884 1874 1925 assurrexit

325 1960 363 1999 ei
404 1966 447 1999 et
479 1973 577 2000 eum
609 1959 813 1999 salutavit
846 1964 889 1998 et
922 1956 1085 2010 recepit
1127 1955 1454 1997 honorabiliter.
1519 1955 1718 2007 Cumque
1748 1954 1878 1995 frater

324 2029 455 2070 verba
477 2035 627 2069 sancta
662 2029 896 2068 seminaret
929 2027 972 2066 in
1005 2025 1211 2075 medium,
1250 2025 1320 2065 ille
1355 2025 1544 2066 breviter
1574 2031 1618 2064 et
1648 2024 1879 2064 salubriter

324 2098 582 2151 respondit:
619 2098 817 2146 ‘Frater,
860 2110 944 2149 ego
974 2095 1184 2136 hactenus
1221 2094 1335 2135 male
1371 2094 1461 2134 vixi
1502 2100 1547 2134 et
1589 2095 1631 2133 in
1673 2093 1879 2134 omnibus

326 2167 680 2220 nephandissime
706 2167 850 2206 Deum
872 2164 1034 2206 offendi
1052 2180 1059 2204 :
1092 2164 1357 2216 provideatis
1388 2176 1463 2215 per
1484 2176 1617 2216 quam
1638 2163 1754 2203 viam
1776 2176 1874 2216 pos-

324 2238 405 2277 sim
426 2237 525 2277 Deo
540 2237 726 2289 placare,
749 2242 792 2275 et
815 2237 1009 2275 animam
1041 2247 1185 2274 meam
1216 2233 1397 2282 salvare,
1430 2233 1612 2273 scientes
1646 2233 1763 2285 quod
1796 2246 1879 2285 ego

325 2306 379 2346 ad
418 2307 567 2346 omnia
598 2313 777 2358 paratus
799 2303 934 2346 sum'.
1000 2303 1087 2356 Qui
1119 2304 1253 2343 etiam
1280 2302 1404 2342 dictis
1433 2301 1548 2342 facta
1575 2315 1876 2354 compensans,

324 2375 543 2416 confessus
566 2382 631 2415 est
658 2375 877 2415 humiliter
898 2380 940 2414 et
962 2374 1132 2422 devote,
1155 2378 1199 2412 et
1222 2373 1359 2412 vitam
1396 2385 1520 2412 suam
1542 2372 1792 2412 emendavit
1816 2372 1878 2411 ita

325 2445 506 2499 egregie,
529 2445 646 2498 quod
671 2444 873 2485 omnibus
896 2444 969 2496 qui
992 2456 1090 2483 eum
1111 2447 1326 2482 noverant
1348 2447 1514 2481 certum
1546 2448 1612 2481 est
1647 2441 1763 2494 quod
1794 2441 1879 2481 hoc

325 2521 390 2555 est
413 2516 606 2555 mutacio
621 2515 803 2554 dextere
819 2512 992 2554 excelsi.
1045 2511 1095 2551 In
1111 2512 1225 2551 hunc
1241 2512 1376 2551 etiam
1393 2524 1490 2550 ecce
1504 2511 1682 2551 modum
1697 2510 1710 2534 1
1728 2511 1877 2563 regina

326 2584 618 2625 misericordie
638 2583 956 2636 benignitatem
978 2594 1101 2622 suam
1124 2582 1165 2621 in
1188 2586 1361 2621 tantum
1393 2586 1640 2620 monstrare
1659 2580 1878 2633 dignatur,

324 2660 371 2694 ut
394 2667 473 2707 pro
495 2654 632 2706 gratia
654 2652 943 2705 impetranda,
966 2664 1041 2704 per
1062 2663 1193 2703 quam
1223 2651 1301 2690 iste
1331 2650 1583 2697 salvaretur,
1615 2663 1703 2689 non
1735 2649 1876 2689 solum

324 2723 578 2775 simpliciter
600 2728 807 2775 rogasset,
829 2723 967 2761 immo
989 2721 1121 2760 etiam
1143 2733 1239 2759 cum
1273 2718 1475 2759 manibus
1508 2720 1702 2759 extensis
1733 2731 1874 2771 genua

325 2792 395 2832 illa
416 2792 658 2840 benedicta,
679 2790 835 2844 quibus
859 2790 1018 2830 Filium
1056 2801 1180 2829 suum
1215 2788 1441 2840 parvulum
1472 2787 1709 2837 baiulabat,
1733 2788 1876 2827 eidem

328 2861 441 2901 Filio
462 2874 541 2901 suo
564 2860 785 2900 humiliter
806 2865 850 2899 et
871 2859 1053 2899 dulciter
1075 2857 1249 2898 flectere
1269 2864 1454 2898 curaret.

816 2954 827 2973 1
842 2954 882 2985 In
899 2953 1144 2995 marginquem
1165 2953 1211 2983 ad
1227 2953 1398 2992 [modum]
