2052 3278
308 226 365 268 90
742 215 935 255 LIBER
969 214 1421 256 EXEMPLORUM

308 332 400 371 viro
423 330 505 384 [in]
528 332 839 371 monasterium
862 332 965 370 vino
986 330 1114 383 plena
1137 330 1223 370 duo
1244 330 1384 384 lignea
1407 329 1589 379 vascula,
1611 343 1694 382 que
1724 329 1849 383 vulgo

306 400 518 440 flascones
555 407 776 449 vocantur,
809 400 1007 440 deferret.
1069 400 1154 453 Qui
1185 413 1316 440 unum
1348 400 1511 449 detulit,
1535 399 1719 440 alterum
1751 412 1851 440 vero

308 482 493 522 pergens
515 469 558 508 in
585 469 768 509 intinere
800 468 1038 509 abscondit.
1100 469 1181 509 Vir
1202 475 1348 509 autem
1372 468 1566 517 Domini,
1587 481 1718 520 quern
1740 467 1852 508 facta

309 537 511 578 absencia
547 538 682 577 latere
713 551 803 578 non
837 536 1071 590 poterant}
1103 539 1249 578 vinum
1280 551 1377 578 curn
1408 538 1644 590 gratiarum
1681 538 1852 577 actione

308 607 496 659 suscepit
518 613 562 647 et
583 607 881 647 discedentem
897 606 911 629 2
939 620 1118 660 puerum
1141 607 1310 647 monuit
1331 607 1502 647 dicens:
1535 605 1683 655 ‘Vide,
1707 605 1776 655 fili,
1799 606 1853 645 de

307 675 380 715 illo
401 674 590 716 flascone
604 675 618 698 3
648 689 778 728 quem
807 675 1071 716 abscondisti
1093 676 1178 716 iam
1200 689 1288 716 non
1320 675 1453 725 bibas,
1476 681 1541 715 set
1571 674 1729 715 inclina
1750 674 1852 715 illud

306 752 430 784 caute
467 751 511 784 et
546 744 739 785 invenies
772 745 876 797 quid
912 745 1024 785 intus
1058 744 1191 785 habet
1208 744 1228 785 ’.
1291 744 1377 797 Qui
1411 743 1608 784 confusus
1642 743 1769 784 valde
1799 745 1855 784 de

307 810 429 864 [Dei]
451 811 629 851 homine
651 812 788 851 exivit
806 825 815 860 ;
839 817 883 851 et
906 824 1110 861 reversus,
1134 811 1287 851 volens
1317 810 1504 863 probare
1524 810 1640 863 quod
1662 809 1854 849 audierat

306 895 403 921 cum
435 880 671 922 flasconem
701 881 961 930 inclinasset,
984 881 1039 921 de
1060 894 1113 922 eo
1136 882 1332 935 protinus
1355 894 1533 934 serpens
1562 893 1755 933 egressus
1776 886 1854 920 est.

307 951 431 991 Tunc
472 951 688 1004 predictus
731 950 1040 991 Exhilaratus4
1081 965 1197 1004 puer,
1241 964 1316 1003 per
1357 951 1440 990 hoc
1481 949 1596 1002 quod
1639 951 1683 989 in
1724 949 1855 989 vino5

308 1021 475 1072 reperit,
494 1021 674 1073 expavit
697 1020 858 1060 malum
881 1021 995 1072 quod
1019 1019 1126 1060 fecit.
1193 1019 1388 1072 Explicit
1410 1017 1855 1072 exemplum.—Quid

308 1089 547 1142 colligimus
582 1102 639 1128 ex
665 1088 747 1129 hoc
783 1089 987 1141 exemplo
1022 1090 1102 1128 nisi
1135 1088 1251 1141 quod
1284 1094 1503 1128 amatores
1536 1087 1635 1127 furti
1667 1086 1855 1140 serpenti

308 1158 507 1199 infernali
538 1171 585 1198 se
616 1158 733 1211 ipsos
763 1157 941 1197 tradunt
971 1157 1274 1197 intoxicandos
1307 1163 1349 1196 et
1382 1155 1698 1197 occidendos?6
1760 1155 1856 1195 Erit

97 1234 198 1265 Deut.
309 1228 424 1268 enim
447 1228 652 1279 exemplo
686 1227 808 1267 huius
841 1226 941 1266 furti
974 1227 1172 1278 quamvis
1205 1232 1296 1266 tam
1330 1226 1500 1275 modici,
1525 1226 1606 1266 Fel
1622 1225 1855 1266 draconum

94 1289 194 1316 xxxa,
213 1287 265 1318 33·
309 1297 460 1338 vinum
482 1311 640 1346 eorum,
663 1303 745 1338 etc.

715 1421 818 1475 [fol.
843 1421 953 1474 81b].
1014 1421 1082 1460 De
1107 1421 1272 1474 gaudio
1302 1421 1449 1461 celesti.

96 1522 172 1554 Lib.
398 1516 518 1567 (148)
551 1514 733 1567 Legitur
755 1513 797 1553 in
821 1513 928 1554 libro
948 1519 1171 1566 gestorum
1195 1513 1397 1553 Barlaam
1420 1519 1463 1553 et
1490 1513 1698 1566 Iosaphat
1715 1527 1860 1553 servo-

97 1567 281 1641 (ἐὲξῖἕζῖῃω
310 1597 404 1625 rum
424 1585 518 1634 Dei,
539 1584 657 1637 quod
675 1597 772 1623 cum
790 1583 907 1623 idem
929 1583 1153 1636 Iosaphat,
1171 1583 1370 1623 videlicet
1387 1582 1495 1623 filius
1513 1582 1680 1623 Avenir
1697 1584 1860 1623 iuvenis

102 1653 242 1685 essosa-
309 1655 419 1707 regis
444 1654 589 1694 Yndie
610 1653 918 1701 sanctissimus,
942 1653 1237 1705 temptacione
1269 1652 1437 1692 luxurie
1468 1666 1601 1705 quam
1633 1652 1860 1705 plurimum

100 1698 193 1739 phat.
308 1725 574 1779 fatigaretur,
598 1731 642 1765 et
663 1725 717 1764 ad
737 1723 1076 1777 temptacionem
1095 1724 1379 1764 devitandam
1401 1723 1597 1764 divinum
1614 1723 1862 1777 suppliciter

309 1795 547 1848 postularet
569 1793 788 1842 auxilium,
812 1799 1035 1833 ostensum
1057 1798 1123 1833 est
1143 1793 1180 1832 ei
1208 1807 1284 1846 per
1305 1793 1519 1833 visionem
1542 1799 1632 1833 tam
1655 1792 1862 1833 infernale

309 1864 567 1917 supplicium
609 1876 739 1915 quam
782 1861 941 1902 celeste
981 1861 1224 1915 gaudium[
1359 1861 1402 1914 ].7
1466 1862 1674 1915 Iosaphat
1715 1863 1862 1914 itaque

309 1939 563 1985 temptatus,
589 1938 635 1972 ut
667 1932 831 1972 dictum
868 1936 945 1980 est,
969 1937 1012 1970 et
1045 1932 1258 1971 instanter
1289 1945 1314 1971 a
1347 1930 1447 1970 Deo
1478 1936 1630 1983 petens
1652 1930 1859 1970 auxilium
1892 1977 1896 1979 ,

309 2002 429 2042 videt
458 2001 741 2053 semetipsum
771 2013 847 2053 per
868 2000 1080 2040 visionem
1103 2014 1128 2039 a
1150 1999 1407 2052 quibusdam
1428 1999 1530 2039 viris
1548 1998 1864 2039 venerabilibus

311 2077 497 2123 raptum,
539 2076 582 2109 et
624 2069 667 2109 in
709 2069 804 2109 loca
856 2082 940 2121 que
990 2081 1212 2121 nunquam
1253 2069 1421 2108 viderat
1473 2074 1862 2122 pertranseuntem.

312 2139 501 2181 Ostensa
532 2145 631 2179 sunt
663 2144 808 2178 autem
841 2138 878 2177 ei
912 2139 1055 2190 primo
1086 2137 1244 2177 inferni
1277 2137 1498 2191 supplicia,
1525 2138 1684 2178 deinde
1715 2144 1863 2178 eterne

311 2207 526 2249 felicitatis
550 2208 708 2261 gaudia
729 2206 772 2246 in
802 2206 944 2247 forma
971 2206 1194 2246 cuiusdam
1223 2206 1410 2246 civitatis
1433 2206 1561 2259 plene
1581 2207 1701 2246 omni
1723 2206 1864 2246 leticia

309 2285 353 2318 et
387 2278 588 2318 felicitate
624 2275 919 2316 inenarrabili.
984 2275 1124 2315 Multa
1154 2281 1197 2315 et
1230 2274 1444 2316 mirabilia
1475 2275 1584 2316 vidit
1615 2275 1673 2316 ibi
1703 2275 1862 2328 gaudia

311 2348 365 2388 ad
403 2360 487 2400 que
520 2344 793 2399 propalanda
828 2344 974 2398 lingua
1011 2358 1108 2384 mea
1144 2345 1324 2384 omnino
1361 2344 1622 2385 insufficiens
1660 2351 1739 2385 est.
1803 2343 1864 2384 Et

311 2430 463 2457 vocem
486 2416 653 2456 audivit
674 2414 895 2455 dicentem
917 2429 924 2455 ι
959 2414 1081 2454 ‘Hec
1112 2420 1177 2454 est
1209 2415 1377 2467 requies
1399 2415 1623 2455 iustorum.
1687 2414 1776 2454 Ista
1799 2419 1865 2454 est

312 2486 452 2526 leticia
473 2498 624 2525 eorum
647 2485 719 2537 qui
742 2484 981 2536 placuerint
1002 2481 1218 2524 Domino.'
1300 2482 1406 2522 Inde
1427 2483 1611 2536 denique
1633 2483 1864 2523 educentes

314 2555 433 2595 illum
471 2553 802 2594 reverentissimi
833 2551 911 2591 viri
945 2551 1004 2590 illi
1039 2550 1320 2604 repedabant.
1386 2551 1472 2604 Qui
1505 2552 1771 2592 iocunditate
1792 2551 1865 2591 illa

315 2631 358 2664 et
380 2624 539 2677 gaudio
560 2622 776 2676 perfusus:
810 2624 817 2640 ⁶
836 2621 904 2661 Ne
936 2621 1112 2673 privetis
1136 2620 1228 2669 me‚'
1255 2620 1408 2670 aiebat,
1434 2624 1511 2660 ‘ne
1532 2621 1719 2674 privetis,
1742 2634 1864 2674 rogo,

316 2693 521 2733 ineffabili
563 2692 723 2745 gaudio
766 2691 861 2731 isto.
927 2689 1014 2730 Sed
1053 2690 1276 2729 concedite
1319 2690 1422 2729 mihi
1467 2691 1508 2729 in
1552 2703 1639 2730 uno
1680 2689 1868 2742 preclare

404 2817 415 2835 1
428 2817 503 2850 MS.
522 2816 640 2857 potuit.
885 2813 898 2831 2
910 2813 985 2844 MS.
1004 2812 1204 2843 discentem.
1295 2813 1307 2831 ³
1321 2813 1397 2845 MS.
1415 2813 1563 2844 flat‘one.

406 2860 418 2878 ⁴
432 2860 507 2892 MS.
526 2859 778 2890 exhilalaratus.
887 2856 899 2875 5
912 2857 986 2888 MS.
1005 2866 1084 2888 uno.
1297 2856 1310 2875 ⁶
1322 2857 1396 2888 MS.
1415 2857 1448 2886 in
1465 2856 1657 2888 tixicand'et
1671 2856 1787 2888 occid‘.

412 2903 424 2922 ⁷
435 2903 545 2935 Blank
562 2913 660 2943 space
677 2903 728 2933 for
746 2911 811 2933 one
826 2901 918 2932 word
933 2900 967 2931 in
987 2900 1060 2932 MS.
