2052 3278
626 229 710 270 DE
747 201 1162 272 HUMILITATE
1611 240 1665 283 97

126 342 406 397 interrogavit
426 345 628 386 abbatem
650 346 867 398 quendam
891 346 1145 399 pacientem,
1167 346 1281 386 unde
1303 344 1382 386 sibi
1403 350 1516 385 esset
1547 350 1670 385 tanta

125 413 342 455 humilitas
359 420 405 454 ut
426 414 599 467 quando
620 416 842 454 emerserit
863 415 1086 455 tribulacio
1104 415 1211 455 alica
1228 415 1270 454 in
1289 414 1561 463 monasterio,
1578 428 1667 454 non

125 481 378 535 loqueretur.
450 483 527 524 Cui
564 483 634 522 ille
653 497 661 525 :
697 483 909 536 ‘Quando
946 484 1101 524 intravi
1135 484 1534 536 congregacionem,
1575 483 1668 523 dixi

126 553 275 593 animo
311 566 409 593 meo
427 568 434 592 :
480 552 548 592 Tu
583 558 627 592 et
662 553 805 592 asinus
837 566 969 593 unum
1007 559 1155 594 estote.
1233 552 1352 593 Sicut
1388 565 1490 605 ergo
1523 552 1667 592 asinus

124 622 298 674 vapulat
319 628 362 662 et
382 636 470 662 non
493 622 688 674 loquitur,
710 620 907 661 iniuriam
928 623 1087 674 patitur
1108 627 1151 662 et
1172 636 1259 662 non
1277 622 1523 675 respondet,
1546 622 1604 661 sic
1625 627 1668 661 et

124 697 181 740 tn,
217 693 325 732 sicut
360 691 462 731 dicit
494 689 731 744 ps[almus],
773 689 832 730 Ut
860 690 1099 730 iumentum
1117 692 1279 743 factus,
1312 690 1412 733 etc.’
1475 690 1668 744 Explicit
1683 700 1735 731 Ps.
1754 700 1842 739 lxxii,

125 760 388 813 exemplum.
1680 753 1732 783 23-

215 830 329 879 (162)
366 827 632 881 Exemplum
654 828 709 867 de
730 826 894 868 duobus
916 827 1113 869 fratribus
1134 829 1248 881 quod
1272 830 1314 868 in
1337 829 1492 869 eodem
1511 828 1667 881 reperi-
1679 837 1774 875 V.P.,
1791 839 1832 875 V,

123 902 190 937 tur
205 897 603 950 contempnendum
626 910 712 936 non
734 902 810 945 est,
832 898 948 937 cuius
969 897 1099 937 series
1121 898 1182 937 ita
1207 897 1348 938 habet.
1412 898 1513 937 Duo
1543 911 1664 938 mon-
1679 881 1844 962 ἕὲἑῗᾶχν,

122 965 229 1014 achi,
265 966 456 1006 carnales
492 964 650 1014 fratres,
684 964 941 1006 habitabant
982 965 1121 1014 simul,
1158 971 1201 1005 et
1241 965 1418 1006 volebat
1453 965 1663 1018 dyabolus
1679 968 1718 1005 89
1742 967 1785 1008 (p-

121 1048 321 1087 separare
356 1048 430 1075 eos
465 1035 519 1074 ad
557 1035 753 1076 invicem.
815 1033 1010 1088 Contigit
1030 1048 1134 1088 ergo
1164 1036 1278 1088 quod
1302 1035 1439 1075 iunior
1460 1041 1575 1075 etate
1596 1048 1663 1075 ac·
1677 1011 1763 1051 630).

119 1103 265 1143 cendit
286 1103 503 1143 lucernam
525 1108 568 1142 et
599 1104 741 1155 posuit
771 1116 867 1143 eam
899 1117 1025 1156 super
1055 1103 1373 1145 candelabrum.
1436 1103 1664 1157 Dyabolus

120 1177 266 1212 autem
287 1173 441 1212 evertit
461 1171 779 1221 candelabrum,
802 1178 845 1212 et
867 1173 1062 1212 extincta
1083 1178 1148 1212 est
1170 1172 1341 1213 lucerna
1359 1187 1368 1223 ;
1403 1186 1481 1225 pro
1511 1186 1597 1225 qua
1619 1187 1663 1213 re

117 1240 271 1281 cecidit
291 1254 390 1281 eum
413 1240 545 1281 frater
566 1242 702 1281 maior
722 1254 819 1281 cum
853 1242 925 1281 ira.
989 1241 1066 1281 Ille
1101 1255 1205 1282 vero
1239 1242 1529 1294 penitenciam
1564 1243 1662 1295 egit,

118 1310 265 1350 dicens
286 1311 350 1350 ei:
383 1314 391 1330 ‘
411 1310 541 1351 Habe
572 1311 833 1363 patienciam
858 1311 900 1350 in
925 1323 1005 1359 me,
1038 1310 1178 1362 frater,
1212 1316 1255 1351 et
1291 1312 1444 1351 iterum
1473 1312 1663 1352 accendo

118 1392 215 1419 eam
230 1379 252 1420 ’.
317 1379 375 1419 Et
395 1380 454 1419 sic
476 1392 551 1431 per
571 1380 838 1432 pacienciam
861 1378 970 1419 illius
992 1380 1127 1420 victus
1149 1379 1255 1433 [fol.
1280 1379 1378 1433 86b]
1400 1386 1465 1420 est
1486 1380 1661 1430 demon,

118 1453 162 1487 et
177 1448 342 1488 audivit
362 1449 563 1489 sacerdos
594 1461 864 1501 paganorum
898 1449 1119 1501 quomodo
1151 1450 1287 1489 victus
1320 1455 1386 1490 est
1418 1450 1594 1500 demon,
1619 1455 1662 1490 et

117 1515 255 1556 factus
276 1521 341 1556 est
361 1517 598 1556 monachus
619 1517 792 1558 dicens:
825 1520 832 1536 ‘
850 1516 1088 1557 Humilitas
1109 1517 1236 1558 solvit
1258 1530 1435 1558 omnem
1457 1518 1660 1559 virtutem

117 1585 291 1634 inimici,
313 1586 420 1625 sicut
441 1598 514 1625 eos
536 1585 678 1625 audivi
699 1585 939 1638 loquentes,
960 1585 1147 1626 dicendo
1167 1600 1175 1626 ε
1209 1586 1323 1640 Quia
1356 1587 1532 1639 quando
1565 1601 1659 1640 per-

116 1653 338 1694 turbamus
360 1654 606 1704 monachos,
627 1655 889 1694 convertitur
905 1668 1014 1694 unus
1035 1669 1092 1695 ex
1108 1656 1169 1695 eis
1186 1661 1229 1695 et
1250 1655 1340 1708 agit
1356 1656 1658 1708 penitenciam,

116 1728 159 1762 et
181 1722 362 1762 destruit
383 1735 559 1763 omnem
581 1719 783 1763 virtutem
805 1729 999 1763 nostram
1013 1722 1030 1765 ’.
1486 1719 1499 1735 ”

205 1791 323 1844 (163)
355 1791 514 1832 Adhuc
550 1798 695 1832 autem
736 1793 791 1832 de
827 1805 927 1832 vera
961 1793 1206 1833 humilitate
1239 1792 1322 1833 hoc
1358 1806 1491 1834 unum
1528 1793 1874 1839 breverid·77(p»

114 1860 293 1901 verbum
317 1861 523 1913 reperitur
545 1861 588 1900 in
621 1860 749 1901 Vitas
773 1861 960 1901 Patrum.
1024 1861 1172 1902 Senex
1207 1863 1323 1902 dixit
1359 1863 1459 1915 quia
1492 1862 1526 1902 si
1560 1864 1655 1915 quis
1670 1840 1757 1881 628).

113 1931 230 1971 dicat
264 1930 403 1980 alicui,
426 1931 637 1983 ‘Ignosce
669 1930 801 1980 mihi‚’
834 1931 1066 1971 humilians
1097 1946 1155 1982 se,
1191 1931 1416 1972 comburet
1447 1933 1657 1973 demones

114 2004 412 2052 temptatores.

200 2068 319 2119 (164)
353 2067 511 2108 Adhuc
533 2069 644 2109 hanc
665 2070 926 2109 sententiam
942 2083 1068 2122 super
1084 2070 1235 2110 eadem
1252 2070 1432 2110 materia
1448 2071 1653 2124 scriptum
1669 2073 1754 2105 Ibid-
1773 2074 1831 2124 ΝΞ

112 2138 348 2190 reperimus
386 2138 427 2177 in
465 2138 632 2180 eodem.
706 2138 835 2178 Dixit
867 2138 1000 2179 abbas
1035 2139 1267 2179 Phunicius
1282 2138 1294 2161 1
1325 2139 1497 2179 cuidam
1535 2139 1653 2180 fratri
1668 2127 1832 2203 ῗῗὲζζῗι

112 2220 241 2260 quem
265 2207 306 2247 in
331 2209 594 2248 monasterio
627 2208 762 2248 voluit
795 2209 1037 2261 suscipere:
1073 2209 1334 2249 ‘Humilitas
1368 2209 1450 2249 hiis
1486 2210 1652 2250 indiciis

111 2276 438 2330 comprobatur:
458 2278 597 2330 primo
613 2279 647 2318 si
670 2277 950 2319 mortificatas
968 2279 1010 2318 in
1033 2293 1078 2319 se
1095 2280 1331 2319 monachus
1348 2279 1480 2319 habet
1500 2293 1652 2320 omnes

110 2346 378 2395 voiuntates3
409 2347 598 2386 secundo
624 2348 657 2387 si
691 2353 809 2387 actus
842 2353 885 2388 et
917 2348 1208 2400 cogitaciones
1229 2362 1317 2388 non
1339 2348 1540 2388 celaverit
1556 2362 1646 2388 sen-

110 2415 214 2464 iori3
248 2418 292 2465 3⁰
309 2415 343 2454 si
364 2415 495 2455 nichil
526 2428 599 2455 sue
629 2416 892 2464 discrecioni,
915 2422 980 2456 set
1001 2417 1156 2457 iudicio
1187 2417 1276 2457 eius
1308 2418 1504 2456 universa
1534 2430 1650 2457 com-

109 2483 275 2533 mittat3
306 2488 353 2534 40
381 2484 415 2523 si
449 2484 491 2524 in
523 2484 722 2525 omnibus
745 2486 955 2538 preceptis
977 2491 1115 2525 servet
1135 2485 1386 2526 obediencie
1407 2492 1650 2526 mansuetu-

109 2552 257 2592 dinem
279 2558 322 2592 et
343 2552 561 2605 paciencie
580 2555 875 2594 constanciam
894 2568 902 2605 3
937 2558 979 2605 5⁰
995 2560 1041 2594 ut
1062 2554 1167 2594 nulli
1185 2554 1341 2594 inferat
1358 2555 1555 2594 iniuriam
1573 2556 1646 2595 sed

108 2626 151 2661 et
182 2619 260 2661 sibi
292 2620 455 2660 illatam
488 2622 707 2673 pacienter
733 2622 910 2673 toleret3
941 2624 988 2664 60
1005 2623 1038 2664 si
1061 2624 1166 2663 nihil
1198 2630 1299 2676 agat
1329 2629 1472 2677 preter
1503 2624 1648 2676 regule

107 2689 338 2742 exemplag
372 2693 418 2739 7⁰
435 2690 469 2728 si
491 2689 547 2729 ad
570 2691 717 2730 omnia
738 2704 822 2743 que
843 2690 921 2731 sibi
944 2693 1246 2745 precipiuntur,
1269 2691 1385 2732 velut
1406 2693 1646 2744 operarium

108 2758 271 2799 malum
292 2758 542 2797 iudicaverit
562 2763 605 2798 et
627 2758 851 2811 indignum
868 2773 876 2809 3
910 2761 955 2799 80
971 2761 1006 2800 si
1029 2773 1073 2800 se
1105 2761 1266 2800 cunctis
1289 2759 1531 2801 inferiorem
1550 2775 1647 2814 pro-

105 2827 303 2876 nunciet3
335 2830 382 2880 90
398 2827 431 2866 si
454 2826 646 2878 linguam
675 2827 888 2878 cohibeat,
920 2829 986 2869 vel
1017 2843 1105 2869 non
1137 2830 1190 2869 sit
1220 2829 1433 2870 clamosus
1455 2830 1497 2869 in
1519 2843 1644 2880 voce;

694 2918 706 2937 1
722 2918 767 2950 sic
783 2918 836 2950 for
854 2920 1050 2961 Pinuphius.

862 2973 886 3014 7
