2052 3278
159 467 257 503 G.E.‚
277 467 321 505 11,

156 511 189 541 iv
207 510 251 552 (p.
267 510 354 550 183).

369 209 423 262 98
803 209 995 250 LIBER
1029 208 1479 251 EXEMPLORUM

370 331 422 365 XO
439 326 473 365 si
495 340 583 366 non
607 327 661 366 sit
682 325 816 366 facilis
836 340 885 366 ac
907 331 1132 379 promptus
1154 325 1197 365 in
1220 326 1312 366 risu.
1386 326 1565 367 Talibus
1585 338 1776 378 namque
1797 325 1908 366 indi-

370 394 445 434 ciis
465 393 684 435 humilitas
706 408 805 435 vera
826 393 1084 435 dinoscitur.’

455 464 578 516 (165)
611 464 758 503 Potest
791 469 936 503 autem
970 463 1112 503 valere
1147 477 1234 504 non
1272 464 1490 504 modicum
1528 464 1582 503 ad
1619 463 1908 504 humilitatem

368 533 716 585 extorquendam
738 533 989 586 exemplum
1010 532 1229 586 quoddam
1251 534 1455 586 scriptum
1478 534 1519 573 in
1543 532 1652 573 libro
1668 533 1741 585 qui
1758 533 1912 573 dicitur

370 602 557 644 Gemma
588 601 879 643 Sacerdotalis
911 602 952 642 in
986 602 1064 642 hec
1095 602 1236 644 verba.
1301 603 1538 643 Plurimum
1569 615 1742 655 quoque
1772 601 1912 642 valere

370 678 512 726 potest
543 671 720 712 humani
753 671 851 725 [fol.
886 672 988 726 8763]
1028 673 1216 724 corporis
1252 678 1368 712 ortus
1404 678 1448 712 et
1483 685 1658 712 occasus
1691 671 1910 724 mediique

369 746 506 782 status
527 740 744 781 intellecta
764 740 974 795 fragilitas
996 742 1120 781 iuxta
1141 741 1244 782 illud
1269 741 1471 795 Dyonisii
1494 753 1749 794 responsum
1775 740 1913 781 Alex-

371 812 506 851 andro
531 810 762 851 Macedoni
784 810 960 852 factum.
1022 810 1249 864 Quesierat
1280 811 1397 851 enim
1420 824 1498 851 rex
1520 811 1562 850 in
1589 810 1702 850 hunc
1725 810 1913 851 modum.

372 883 380 900 ‘
399 879 515 933 Quid
553 879 640 921 fui?
670 880 773 933 quid
811 884 935 921 sum?
966 880 1068 933 quid
1105 879 1231 921 ero?'
1306 879 1385 920 Cui
1422 879 1706 933 philosophus
1747 879 1916 932 singula

371 950 557 990 reddens
572 950 749 1003 singulis
767 963 775 990 :
800 953 809 970 ‘
823 949 925 990 Vile
939 962 1244 1003 sperma—vas
1259 955 1652 989 stercorum—esca
1664 949 1876 989 vermium
1895 947 1915 988 ⁷.

371 1018 594 1060 —Caveat
633 1020 705 1072 qui
747 1006 940 1072 predicat
980 1025 1026 1059 ut
1066 1018 1197 1060 verba
1238 1017 1411 1059 curialia
1451 1017 1577 1068 dicat,
1619 1024 1666 1058 ut
1716 1017 1916 1059 videlicet

371 1087 565 1127 nominet
582 1087 718 1127 lutum
740 1100 817 1140 pro
838 1093 1033 1137 stercore,
1054 1100 1145 1127 rem
1167 1088 1285 1140 parvi
1306 1087 1463 1128 valoris
1486 1101 1564 1140 pro
1586 1086 1658 1127 vili
1690 1092 1917 1141 spermate.

375 1156 423 1198 Si
445 1157 560 1196 enirn
584 1156 749 1196 dicatur
770 1157 884 1209 quod
908 1170 974 1196 res
996 1155 1115 1209 parvi
1142 1156 1299 1196 valoris
1330 1156 1444 1196 fuisti
1476 1156 1652 1209 quando
1684 1162 1919 1209 conceptus

374 1225 498 1275 fuisti,
522 1225 625 1267 satis
647 1226 829 1266 honeste
850 1225 1118 1266 satisfactum
1140 1226 1221 1265 erit
1252 1225 1533 1267 intellectum.
1612 1225 1770 1267 Verbis
1791 1227 1921 1279 igitur

375 1296 619 1336 huiusmodi
641 1295 707 1335 vel
729 1293 1024 1335 consimilibus
1046 1295 1088 1334 in
1113 1293 1270 1335 talibus
1292 1295 1354 1334 uti
1375 1307 1585 1335 curemus.

954 1403 1022 1443 De
1044 1403 1337 1456 indulgenciz's.

465 1492 585 1544 (166)
619 1490 921 1530 Excitativum
964 1495 1029 1529 est
1070 1490 1234 1542 piarum
1277 1489 1493 1529 mencium
1535 1490 1590 1529 ad
1628 1502 1820 1530 amorem
1858 1490 1919 1529 in-

375 1562 696 1616 dulgenciarum
717 1558 967 1613 exemplum
989 1559 1104 1612 quod
1130 1559 1199 1599 hic
1235 1559 1386 1608 insero,
1410 1559 1523 1599 hunc
1544 1559 1710 1599 habens
1731 1560 1923 1600 modum.

378 1633 487 1673 Erat
523 1630 701 1684 quidam
733 1629 869 1669 frater
905 1635 1051 1669 noster
1085 1628 1306 1681 quondam
1339 1629 1381 1668 in
1406 1628 1649 1682 Hybernia,
1680 1630 1752 1682 qui
1784 1630 1922 1670 eciam

376 1703 488 1743 vixit
510 1707 609 1755 post
641 1700 878 1740 adventum
909 1711 1053 1738 meum
1083 1698 1125 1737 in
1161 1703 1320 1738 terram
1342 1699 1478 1748 istam,
1502 1699 1748 1751 predicator
1770 1698 1926 1739 famos-

377 1773 556 1821 issimus
580 1783 709 1824 quem
744 1769 926 1823 populus
960 1768 1015 1808 de
1046 1768 1187 1822 patria
1220 1769 1263 1807 in
1286 1769 1474 1821 patriam
1503 1769 1622 1823 sequi
1643 1775 1925 1809 consueverat

379 1847 556 1896 propter
586 1839 823 1880 efficaciam
860 1838 1173 1891 predicacionis
1205 1850 1287 1879 sue.
1353 1836 1440 1877 Hic
1475 1850 1580 1890 ergo
1601 1837 1792 1890 quodam
1817 1844 1926 1878 tem-

381 1925 485 1966 pore
518 1911 560 1951 in
597 1908 781 1951 Ultonia
818 1908 1055 1961 predicans,
1078 1907 1320 1947 comitante
1340 1905 1354 1928 1
1387 1920 1484 1946 eum
1507 1905 1641 1947 fratre
1677 1907 1925 1947 Dunekano

380 1982 519 2022 adhuc
541 1979 780 2033 superstite,
804 1978 1018 2018 staciones
1048 1990 1145 2016 suas
1176 1976 1231 2016 de
1262 1976 1364 2016 villa
1385 1976 1428 2016 in
1450 1975 1598 2017 villam
1621 1976 1925 2030 protendebat.

383 2049 654 2104 Sequebatur
675 2052 820 2088 autem
841 2059 913 2087 eos
935 2045 1166 2086 multitudo
1199 2058 1360 2098 magna
1389 2046 1607 2096 continue,
1629 2059 1726 2086 cum
1750 2052 1929 2099 propter

381 2120 734 2175 predicacionem,
757 2123 848 2157 tum
872 2122 1052 2169 propter
1072 2114 1342 2167 indulgencie
1359 2115 1687 2156 relaxacionem.
1752 2115 1810 2156 Et
1832 2129 1930 2156 ecce

381 2191 493 2231 inter
514 2189 621 2229 alios
641 2188 705 2228 vir
726 2186 906 2239 quidam
929 2183 1144 2238 popularis
1164 2183 1421 2236 sequebatur
1451 2197 1525 2224 eos
1558 2185 1612 2225 de
1633 2185 1704 2225 die
1726 2185 1769 2225 in
1801 2185 1930 2234 diem,

381 2261 438 2301 de
478 2259 575 2299 loco
624 2256 680 2297 ad
731 2255 883 2304 locum,
924 2260 1118 2307 sumptus
1157 2266 1300 2293 secum
1342 2259 1522 2306 portans
1563 2253 1795 2294 secundum
1836 2267 1932 2294 suas

380 2329 617 2376 facultates,
649 2332 693 2366 et
732 2325 843 2365 hunc
876 2322 1067 2364 laborem
1108 2323 1311 2376 precipue
1347 2323 1545 2363 sustinuit
1581 2328 1761 2377 propter
1794 2323 1932 2364 indul-

380 2399 556 2453 gencias
606 2408 786 2449 magnas
836 2407 941 2447 quas
981 2399 1083 2433 tunc
1123 2391 1287 2433 dabant
1329 2393 1665 2446 consequendas,
1746 2393 1934 2433 Pecunia

382 2475 532 2509 autem
564 2469 820 2518 consumpta
854 2475 983 2516 quam
1019 2475 1162 2501 secum
1196 2460 1363 2509 tulerat,
1385 2461 1616 2514 oportebat
1647 2475 1745 2503 eum
1768 2463 1931 2504 reverti.

387 2537 587 2590 Cumque
632 2535 702 2575 die
741 2531 942 2586 quadam,
982 2544 1127 2571 versus
1177 2531 1354 2584 propria
1408 2544 1615 2580 remeans,
1656 2545 1734 2585 per
1785 2531 1932 2573 villam

386 2606 608 2661 quandam
622 2604 823 2645 transiret
843 2601 942 2654 [fol.
958 2603 981 2642 8
986 2600 1056 2654 7b]
1071 2601 1237 2640 intrans
1258 2600 1438 2640 domum
1451 2600 1673 2642 cuiusdam
1688 2602 1931 2651 domestici,

390 2675 571 2731 petebat
590 2673 844 2726 hospicium,
859 2676 903 2711 et
914 2670 1126 2710 admissus
1147 2675 1223 2709 est.
1277 2668 1499 2722 Querebat
1513 2676 1658 2711 autem
1673 2670 1934 2711 domesticus

388 2747 484 2800 quis
503 2752 548 2786 et
568 2744 684 2785 unde
716 2747 827 2783 esset
860 2747 905 2781 et
938 2739 1053 2780 unde
1084 2739 1217 2780 venit.
1264 2737 1349 2791 Qui
1383 2740 1603 2792 respondit
1633 2740 1672 2780 ei
1703 2740 1933 2779 veritatem

392 2818 447 2858 ad
483 2813 661 2868 singula,
695 2813 842 2853 dicens
872 2810 911 2850 ei
944 2809 1058 2863 quod
1092 2808 1246 2848 fratres
1279 2809 1550 2861 predicantes
1585 2814 1707 2849 tanto
1739 2815 1935 2862 tempore

992 2899 1002 2919 1
1021 2899 1095 2930 MS.
1114 2898 1345 2930 comitantem.
