2052 3278
337 214 392 255 94
773 199 966 241 LIBER
1000 199 1452 243 EXEMPLORUM

339 315 568 370 Gregorius
596 318 652 357 de
679 318 868 370 quodam
900 317 970 369 qui
1003 316 1264 357 manducare
1294 316 1461 357 solebat
1491 317 1664 369 quando
1695 317 1883 359 ieiunare

336 387 547 437 debebat;
594 387 674 427 hoc
719 388 865 439 utique
910 399 1060 426 verum
1107 393 1171 426 est
1214 391 1260 427 ut
1306 388 1390 427 iam
1436 387 1599 426 dictum
1642 392 1718 427 est.
1791 386 1878 440 Qui

335 458 523 509 corporis
564 456 759 496 molestia
799 453 1128 509 superveniente
1163 456 1218 495 ad
1253 463 1500 496 extremum
1537 455 1763 508 perductus
1804 462 1880 498 est.

337 524 423 577 Qui
463 539 560 565 cum
604 527 688 565 iam
730 530 842 565 esset
879 524 922 564 in
958 525 1052 574 fine,
1087 525 1356 566 venientibus
1395 525 1506 565 circa
1540 537 1586 565 se
1621 524 1881 575 hominibus,

334 600 381 634 ut
422 596 552 634 moris
593 601 668 645 est,
706 596 814 634 sicut
850 595 1065 635 Dominus
1100 594 1243 644 voluit,
1269 609 1376 635 ¹cum
1413 607 1572 647 magna
1607 595 1802 647 angustia
1838 601 1881 635 et

334 678 494 717 magna
530 665 705 705 tristicia
742 664 884 705 retulit
919 666 979 705 eis
1016 664 1069 705 de
1104 678 1150 705 se
1185 665 1278 717 ipso
1313 678 1505 705 rumores
1545 664 1793 706 dolorosos:
1837 672 1884 707 et

333 735 504 775 suerunt
546 736 613 775 isti
648 748 841 775 rumores
883 735 999 787 quod
1037 740 1214 788 propter
1244 734 1519 787 gulositatem
1555 747 1677 774 suam
1714 734 1768 774 ad
1805 735 1877 775 de-

331 804 570 844 vorandum
602 804 776 844 draconi
806 804 964 844 scilicet
994 803 1191 844 infernali
1220 803 1399 843 traditus
1432 808 1554 843 esset.
1617 802 1703 843 ‘Et
1731 804 1878 853 modo,

330 874 477 926 inquit,
513 875 648 914 cauda
683 886 757 914 sua
794 887 864 914 me
899 887 1042 926 genua
1081 874 1298 926 pedesque
1339 871 1565 925 colligavit,
1600 873 1738 925 capud
1776 885 1881 913 vero

327 957 452 983 suum
475 943 585 983 intra
607 956 751 983 meum
774 956 820 983 os
843 944 1031 991 mittens,
1053 942 1250 996 spiritum
1275 955 1420 982 meum
1444 941 1619 982 ebibens
1641 941 1874 983 abstrahit.'

328 1013 496 1066 Quibus
517 1012 641 1053 dictis
663 1014 811 1054 statim
836 1012 1066 1053 defunctus
1096 1018 1171 1061 est,
1204 1017 1335 1064 atque
1364 1018 1411 1052 ut
1438 1011 1675 1064 penitendo
1704 1010 1877 1052 liberari

313 1083 548 1134 potuisset,
571 1096 595 1121 a
616 1083 806 1122 dracone
827 1095 957 1134 quem
979 1081 1146 1121 viderat
1167 1086 1422 1133 expectatus
1443 1094 1532 1120 non
1555 1086 1630 1120 est.
1688 1080 1739 1120 In
1761 1079 1879 1121 hunc

327 1151 506 1191 modum
547 1152 581 1191 si
622 1156 889 1204 proponatur
928 1149 1191 1202 exemplum,
1228 1150 1385 1190 veritas
1426 1148 1665 1189 servabitur
1701 1154 1744 1189 et
1781 1150 1873 1189 sine

326 1221 530 1260 scandalo
550 1221 721 1260 alicuius
744 1220 928 1273 populus
944 1226 1105 1259 terrore
1125 1220 1405 1259 concucietur.
1469 1218 1517 1259 Si
1537 1232 1642 1258 vero
1663 1217 1874 1271 religiosis

327 1288 401 1328 fiat
436 1303 588 1339 sermo,
624 1290 860 1329 secundum
902 1288 1058 1328 seriem
1101 1301 1185 1340 qua
1221 1288 1413 1328 scribitur
1452 1293 1602 1327 contra
1637 1288 1873 1340 ypocrisim

327 1359 491 1411 optima
527 1366 592 1398 est
624 1358 824 1398 inveccio.

114 1436 248 1468 Baedae
415 1430 531 1479 (155)
567 1427 780 1480 Quartum
810 1426 1061 1479 exemplum
1091 1426 1279 1466 invenies
1308 1425 1351 1465 in
1379 1424 1487 1466 libro
1516 1424 1636 1465 Bede
1662 1425 1717 1464 de
1737 1426 1869 1478 gestis

115 1480 217 1556 ᾆξ’
237 1482 277 1520 V,
326 1495 569 1548 Anglorum
610 1495 683 1535 ubi
723 1496 781 1535 sic
817 1496 1022 1548 scriptum
1061 1501 1127 1535 est
1162 1501 1206 1534 et
1240 1500 1385 1534 narrat
1420 1493 1489 1534 sic.
1552 1492 1681 1541 Novi,
1720 1495 1872 1546 inquit,

324 1565 498 1606 fratrem
521 1566 709 1619 positum
739 1566 781 1605 in
811 1565 1074 1605 monasterio
1104 1563 1238 1604 nobili
1269 1570 1335 1604 set
1365 1562 1614 1616 ignobiliter
1633 1564 1866 1614 viventem,

322 1636 394 1688 qui
435 1649 537 1689 sepe
578 1635 883 1688 corripiebatur
922 1650 947 1675 a
988 1633 1230 1683 maioribus,
1271 1640 1314 1674 et
1354 1634 1551 1686 quamvis
1599 1647 1673 1673 eos
1719 1634 1870 1674 audire

322 1705 541 1755 noluisset,
584 1705 846 1745 tolerabatur
886 1711 1033 1745 tamen
1070 1711 1248 1757 propter
1288 1717 1414 1744 suum
1453 1704 1733 1744 exercicium:
1777 1710 1870 1743 erat

321 1781 467 1815 autem
486 1782 579 1816 arte
599 1775 736 1816 fabrili
758 1775 994 1828 singularis.
1038 1773 1262 1816 Serviebat
1281 1780 1429 1814 autem
1453 1774 1636 1813 multum
1661 1772 1870 1822 ebrietati,

320 1846 562 1898 ceterisque
604 1844 820 1895 illecebris,
863 1845 1086 1898 magisque
1128 1845 1170 1884 in
1211 1843 1381 1884 officina
1422 1857 1499 1883 sua
1541 1843 1610 1883 die
1649 1850 1868 1895 noctuque

320 1914 503 1955 residere
536 1929 607 1955 ma
623 1917 634 1965 [
639 1915 721 1965 fol.
757 1914 986 1964 84b]lebat
1018 1926 1148 1966 quam
1185 1914 1238 1953 ad
1274 1913 1484 1953 orandum
1517 1912 1866 1962 audiendumque

319 1984 499 2025 verbum
524 1984 609 2024 Dei
629 1998 726 2024 cum
757 1983 960 2024 fratribus
992 1984 1032 2023 in
1065 1983 1287 2023 ecclesiam
1307 1996 1571 2023 concurrere.
1634 1982 1722 2036 Qui
1743 1995 1869 2035 egro-

319 2058 415 2094 tans
447 2055 617 2095 vocavit
648 2053 811 2103 fratres,
843 2059 887 2093 et
917 2053 1099 2093 multum
1132 2066 1300 2093 merens
1332 2058 1375 2093 et
1405 2053 1644 2105 dampnato
1675 2050 1863 2105 [similis]

319 2124 522 2171 narravit,
545 2124 660 2176 quod
682 2123 790 2163 vidit
820 2122 977 2162 inferos
1007 2129 1180 2175 apertos
1212 2129 1257 2162 et
1288 2122 1530 2163 Sathanam
1552 2122 1794 2162 demersum
1819 2121 1864 2161 in

320 2192 544 2246 profundis
581 2192 762 2242 Tartari,
799 2191 1173 2245 Chaquuoque1
1206 2198 1249 2232 et
1280 2205 1355 2232 eos
1389 2192 1461 2244 qui
1496 2189 1715 2232 Christum
1751 2191 1861 2230 occi-

319 2262 473 2302 derunt
515 2264 636 2302 iuxta
677 2275 785 2302 eum.
864 2261 939 2301 ‘In
980 2260 1188 2314 quorum,’
1225 2261 1384 2313 inquid,
1423 2261 1603 2300 ‘vicinia
1640 2260 1756 2300 locus
1797 2265 1865 2300 est

318 2330 422 2371 mihi
465 2329 740 2385 preparatus’
809 2329 1053 2370 Audientes
1092 2337 1237 2370 autern
1278 2329 1429 2371 fratres
1469 2329 1634 2370 hortati
1675 2335 1776 2369 sunt
1815 2334 1862 2369 ut

317 2401 603 2453 penitenciam
626 2405 786 2454 ageret.
848 2399 913 2440 At
934 2399 1026 2440 ille:
1061 2400 1186 2439 ‘Non
1209 2399 1298 2450 est,’
1320 2399 1481 2452 inquid,
1507 2399 1666 2438 ‘modo
1687 2405 1861 2451 tempus

316 2470 539 2522 penitendi
565 2470 665 2523 quia
694 2469 894 2510 iudicium
928 2482 1073 2509 meum
1105 2469 1369 2522 completum
1402 2474 1467 2509 est
1479 2468 1496 2508 ’.
1555 2467 1682 2508 Talia
1712 2467 1862 2507 dicens

315 2539 406 2579 sine
444 2540 602 2580 viatico
641 2538 789 2579 salutis
824 2537 939 2579 obiit.
1014 2537 1207 2591 Explicit
1243 2537 1707 2591 exemplum.——-Vides
1743 2535 1857 2589 quod

313 2608 394 2649 hoc
426 2609 675 2662 exemplum
707 2608 763 2648 de
793 2608 982 2660 quodam
1015 2607 1211 2660 religioso
1242 2607 1360 2647 viciis
1388 2607 1638 2647 memoratis
1665 2605 1861 2646 subiecto

314 2678 516 2731 scriptum
538 2683 614 2726 est,
635 2690 714 2717 nec
737 2676 916 2729 expedit
936 2676 991 2716 de
1013 2675 1221 2728 religiosis
1250 2675 1351 2716 talia
1376 2676 1538 2729 populo
1562 2674 1857 2728 pronunciare.

316 2745 393 2787 Set
427 2760 523 2786 cum
557 2747 637 2786 iste
670 2746 816 2799 utique
848 2744 971 2785 fuerit
1002 2744 1148 2792 homo,
1183 2749 1323 2785 totum
1355 2745 1411 2785 de
1445 2744 1636 2797 quodam
1676 2742 1855 2783 homine

312 2815 429 2856 salva
450 2817 631 2856 veritate
651 2815 812 2855 narrari
833 2814 1001 2868 poterit.
1059 2813 1119 2854 Et
1139 2815 1335 2866 quamvis
1358 2812 1502 2854 multis
1525 2814 1640 2853 viciis
1662 2811 1857 2852 subditus

890 2904 900 2922 ³
910 2904 956 2935 sic
974 2903 1024 2935 for
1042 2903 1275 2944 Caiphanque.
