2052 3278
569 204 654 245 DE
688 204 982 246 CORPORE
1016 204 1275 247 CHRISTI
1642 218 1689 258 13

152 335 222 362 me
243 321 397 374 posito,
429 320 607 374 quidam
645 320 845 373 apparuit
879 320 950 373 qui
985 320 1088 361 mihi
1125 320 1180 361 ad
1217 320 1498 361 refeccionem
1535 334 1692 373 panem

152 390 315 432 detulit.
377 390 518 444 Quem
551 402 657 429 mox
687 394 734 429 ut
766 390 947 438 comedi,
983 391 1093 430 vires
1132 390 1285 443 recepi,
1316 403 1394 429 nec
1424 389 1553 442 longe
1593 396 1694 443 post

151 459 272 499 navis
292 459 500 500 transiens
522 457 645 498 affuit
666 470 748 511 que
770 470 840 498 me
862 458 918 498 ab
944 457 1016 497 illo
1042 459 1257 499 undarum
1287 458 1477 512 periculo
1508 459 1694 512 suscepit

153 533 285 580 atque
317 527 373 567 ad
414 532 574 567 terram
611 525 822 567 deduxit.’
884 526 1013 579 Quod
1055 527 1218 568 scilicet
1248 528 1478 581 episcopus
1515 527 1695 568 audiens

152 596 373 649 requisivit
413 596 526 636 diem
567 602 697 648 atque
737 594 857 636 illum
899 596 1016 636 diem
1049 596 1176 637 fuisse
1216 598 1373 650 reperit
1404 611 1489 650 quo
1525 611 1604 650 pro
1642 610 1694 637 eo

151 664 363 718 presbiter
385 665 428 705 in
454 664 637 705 Hostica
662 663 803 704 insula
829 662 1123 717 'omnipotenti
1147 666 1343 706 Domino
1366 666 1552 706 hostiam
1576 679 1694 706 sacre

152 733 393 774 immolavit
427 732 665 773 oblationis,
728 732 924 786 Explicit
964 734 1229 787 exemplum.

237 802 328 854 (21)
362 802 523 843 Adhuc
554 802 596 841 in
623 802 710 841 vita
738 801 874 842 sancti
905 802 1111 842 Iohannis
1144 803 1361 843 Patriarce
1391 803 1694 853 Alexandrini,
1707 805 1785 836 Vita
1806 807 1840 837 S-

151 871 225 924 qui
246 877 289 911 et
310 878 483 911 sanctus
507 870 722 911 Iohannes
745 869 1083 911 Elemosinarius
1105 872 1412 912 convenienter
1442 873 1693 925 appellatur,
1710 850 1836 924 ἔξω

151 939 406 993 exemplum
428 940 510 980 hoc
532 941 587 980 ad
610 940 993 980 comendacionem
1015 939 1247 980 eukaristie
1268 942 1488 993 reperitur,
1509 941 1624 993 quod
1652 947 1695 981 et
1710 936 1816 1021 ἕνῇ,
1835 946 1867 977 p.

152 1009 244 1062 ipse
275 1015 443 1049 sanctus
482 1009 697 1049 Patriarca
729 1022 901 1049 narrare
940 1010 1175 1050 consuevit.
1253 1008 1476 1062 Ciprianus
1517 1010 1693 1062 quidam
1729 989 1747 1018 9
1787 1004 1793 1010 ’

150 1084 296 1128 captus
317 1092 342 1119 a
364 1079 505 1119 Persis
521 1080 643 1119 annis
660 1085 719 1130 40³r
740 1092 911 1119 carcere
926 1078 1093 1119 clausus
1110 1078 1288 1119 vinculis
1306 1079 1450 1119 ferreis
1466 1079 1696 1120 artabatur,

153 1147 395 1187 Audientes
411 1147 475 1187 sui
491 1146 610 1187 illum
627 1160 727 1187 vere
744 1147 1006 1197 defunctum,
1027 1153 1089 1187 ter
1107 1161 1184 1201 per
1199 1161 1334 1188 annos
1356 1147 1548 1201 singulos
1570 1148 1696 1189 certis

153 1216 304 1256 diebus
334 1230 475 1257 sacras
508 1230 587 1269 pro
618 1230 672 1257 eo
702 1216 941 1257 oblationes
973 1222 1017 1257 et
1048 1217 1220 1270 pietatis
1242 1217 1383 1258 officia
1405 1217 1692 1258 celebrabant.

153 1284 270 1326 Sane
298 1286 460 1326 eisdem
483 1285 587 1339 ipsis
619 1286 770 1326 diebus
797 1285 897 1339 [fol.
922 1286 1019 1340 28b]
1045 1287 1263 1339 captivum
1291 1286 1410 1327 illum
1431 1287 1496 1327 vir
1517 1287 1693 1340 quidam

152 1354 402 1407 splendidus
428 1355 625 1396 solvebat
654 1369 679 1395 a
704 1355 884 1396 vinculis
905 1362 952 1395 ut
972 1362 1077 1395 tunc
1103 1355 1211 1395 liber
1232 1361 1275 1395 et
1295 1355 1438 1396 hilaris
1463 1357 1555 1396 sine
1576 1358 1695 1397 omni

153 1424 351 1464 molestia
371 1429 415 1464 et
437 1424 600 1464 lesione
622 1430 826 1466 maneret.
891 1425 1177 1465 Postmodum
1201 1425 1304 1479 fuga
1327 1426 1472 1478 lapsus
1493 1440 1542 1466 ac
1558 1440 1696 1466 rever-

152 1506 222 1533 sus
242 1492 284 1532 in
308 1492 552 1546 [Cyprum],
581 1494 743 1533 audivit
768 1506 794 1532 a
818 1493 902 1533 suis
928 1493 1029 1546 quid
1059 1507 1137 1546 pro
1164 1507 1215 1534 eo
1241 1494 1453 1544 fecissent,
1475 1500 1518 1534 et
1545 1495 1697 1548 quibus

152 1561 302 1602 diebus
347 1562 537 1615 requiem
585 1562 791 1602 sensisset
836 1567 879 1602 et
926 1562 1110 1615 gratiam
1163 1564 1359 1617 gaudens
1409 1564 1696 1617 gaudentibus

152 1631 378 1673 enarravit.
443 1630 603 1672 Sancta
633 1644 735 1684 ergo
760 1636 802 1671 et
827 1631 1008 1672 salubris
1039 1638 1104 1672 est
1134 1632 1345 1686 cogitacio
1375 1646 1453 1685 pro
1485 1633 1697 1674 defunctis

152 1706 198 1741 ut
220 1715 245 1741 a
267 1700 454 1754 peccatis
475 1700 719 1742 sonantum

241 1770 331 1822 (22)
364 1770 478 1810 Novi
520 1783 602 1823 ego
641 1769 839 1810 clericum
881 1771 1057 1810 nomine
1095 1770 1349 1820 Iohannem,
1390 1772 1539 1824 utique
1578 1786 1695 1812 com-

150 1839 382 1892 patriotam
417 1853 573 1889 meum,
609 1838 737 1879 michi
774 1840 995 1892 quondam
1032 1839 1270 1880 admodum
1313 1840 1581 1889 familiarem,
1624 1843 1695 1894 qui

152 1910 258 1950 sicut
280 1922 351 1949 ore
373 1923 451 1949 suo
471 1907 614 1949 retulit
636 1908 776 1958 michi,
798 1910 872 1962 qui
895 1914 938 1949 et
959 1910 1015 1949 de
1035 1909 1217 1949 veritate
1240 1923 1317 1949 sua
1341 1911 1443 1950 satis
1464 1917 1604 1951 certus
1627 1911 1696 1960 fui,

153 1978 341 2031 quadam
362 1978 454 2018 vice
475 1979 529 2018 de
551 1984 679 2018 nocte
698 1978 775 2019 ivit
796 1979 850 2018 de
875 1978 1141 2029 Honestleia‚
1162 1978 1265 2018 villa
1287 1979 1444 2020 scilicet
1460 1979 1531 2020 ubi
1550 1986 1697 2020 manet

151 2054 273 2101 pater
294 2060 424 2098 meus,
446 2048 499 2087 ad
528 2047 674 2088 villam
697 2047 987 2101 propinquam
1012 2049 1193 2088 nomine
1223 2049 1455 2099 Aruleiam,
1478 2050 1532 2089 ad
1565 2063 1695 2090 unam

152 2116 436 2157 concubinam
459 2129 590 2170 quam
606 2115 662 2156 ibi
683 2117 844 2165 habuit,
861 2130 944 2170 que
959 2118 1090 2158 etiam
1108 2124 1210 2159 tunc
1226 2120 1431 2171 temporis
1449 2119 1578 2158 michi
1594 2120 1696 2158 satis

153 2192 258 2226 nota
278 2186 367 2227 fuit.
430 2186 627 2239 Cumque
648 2186 867 2226 incederet
889 2186 1004 2227 solus
1025 2186 1188 2228 habens
1205 2186 1397 2241 gladium
1415 2189 1526 2228 circa
1542 2187 1696 2228 collum

154 2268 293 2304 suum,
326 2255 436 2295 vidit
471 2269 621 2295 canem
658 2268 865 2308 magnum
900 2262 1001 2296 ante
1035 2270 1081 2296 se
1117 2256 1400 2298 incedentem.
1462 2257 1698 2298 Mirabatur

152 2323 280 2364 valde
311 2325 365 2364 de
396 2338 500 2364 cane
536 2337 665 2377 quem
702 2324 890 2374 videbat,
927 2325 1002 2366 sed
1040 2325 1276 2366 mirabilius
1312 2331 1403 2366 erat
1439 2327 1553 2379 quod
1591 2340 1696 2366 mox

154 2392 327 2435 audivit.
392 2393 636 2434 Conversus
663 2393 777 2433 enim
807 2394 926 2434 canis
958 2394 1014 2433 ad
1055 2408 1101 2434 se
1136 2395 1308 2435 dicebat
1341 2395 1383 2434 in
1415 2395 1584 2449 anglico
1618 2394 1696 2434 im-

155 2468 357 2516 petuose:
405 2463 499 2502 ‘Da
538 2462 668 2502 michi
717 2462 912 2516 gladium
959 2468 1080 2503 tuum
1098 2463 1126 2504 1¹
1195 2463 1280 2516 Qui
1329 2464 1477 2504 statim
1519 2465 1698 2505 mittens

156 2544 333 2572 manum
360 2544 482 2571 suam
509 2532 564 2571 ad
589 2531 794 2584 gladium,
818 2532 969 2572 audaci
1000 2533 1131 2572 corde
1162 2534 1442 2586 impetuosius
1475 2534 1699 2586 respondit

155 2602 199 2641 in
235 2600 425 2654 anglico:
460 2601 554 2640 ‘Tu
589 2601 790 2650 mentiris,
828 2615 903 2654 per
937 2608 1122 2642 mortem
1161 2602 1370 2643 Christil'
1435 2602 1534 2655 Quo
1571 2603 1697 2653 dicto,

156 2670 303 2710 statim
335 2670 397 2710 is1
429 2670 501 2722 qui
532 2671 731 2722 apparuit
762 2671 892 2719 canis,
924 2672 1042 2711 inmo
1072 2670 1280 2723 dyabolus
1311 2672 1353 2711 in
1388 2670 1531 2725 effigie
1564 2674 1694 2723 canis,

154 2739 372 2792 disparuit,
389 2752 476 2778 non
495 2740 705 2779 sustinens
720 2740 867 2792 utique
881 2740 1085 2780 virtutem
1102 2741 1251 2781 mortis
1271 2740 1433 2781 Christi
1457 2742 1697 2795 magnifice,

155 2809 289 2849 etiam
310 2808 364 2848 ab
385 2822 459 2849 ore
480 2810 714 2861 peccatoris
735 2810 965 2850 nominate.
1027 2809 1217 2862 Explicit
1238 2811 1499 2863 exemplum.

824 2899 835 2918 1
848 2900 922 2932 MS,
950 2899 1025 2930 hiis.
