2052 3278
675 243 762 283 DE
796 240 1239 285 coNFEssioNE
1674 248 1724 290 53

191 360 345 402 habuit
386 362 439 402 ad
475 359 721 400 confitenda
757 365 933 411 peccata
961 372 1037 398 sua
1068 356 1218 397 debito
1253 354 1386 396 modo
1416 360 1459 394 et
1498 353 1550 393 ad
1590 354 1726 393 vitam

189 441 312 471 suam
348 429 534 470 funditus
557 440 637 481 pro
669 426 889 466 voluntate
924 426 1007 467 Dei
1039 422 1390 466 emendandam.l
1452 421 1601 462 Homo
1622 435 1725 475 ergo

189 499 419 550 predictus,
458 494 707 537 confitendo
751 501 928 548 peccata
973 508 1050 535 sua
1082 507 1178 534 cum
1215 506 1374 546 magno
1411 497 1572 531 terrore
1607 490 1725 531 fratri

190 566 291 606 Ade
333 571 585 613 memorato,
620 564 704 604 hoc
741 569 882 603 totum
934 569 978 603 et
1027 563 1149 617 plura
1199 562 1282 602 alia
1331 562 1441 601 circa
1486 566 1724 613 presentem

188 636 415 674 materiam
437 634 576 675 eidem
609 631 834 679 referebat,
854 632 997 671 dicens
1019 633 1057 671 ei
1088 631 1204 683 quod
1226 631 1316 683 ipse
1348 631 1390 669 in
1419 641 1614 669 sermone
1635 642 1723 677 suo,

185 704 315 743 tacita
354 716 534 756 persona
571 701 690 749 illius,
726 705 865 740 totam
901 700 1051 739 seriem
1087 698 1344 752 propalaret,
1384 697 1501 751 quod
1536 703 1580 736 et
1616 697 1724 746 fecit,

186 771 281 824 ipso
303 771 358 812 ad
382 772 512 825 pedes
533 770 623 810 eius
645 769 871 810 residente.
934 768 1004 808 De
1025 768 1108 807 ista
1127 768 1375 807 narratione
1395 779 1525 806 nemo
1545 765 1725 814 dubitet,

183 853 286 881 nam
308 840 363 881 ab
399 854 473 880 ore
503 838 606 879 dicti
642 837 782 877 fratris
804 842 941 876 totam
973 837 1126 876 seriem
1155 840 1331 875 eventus
1351 834 1476 874 huius
1497 835 1725 875 audierunt

185 907 319 948 frater
345 908 556 948 Iohannes
588 907 643 947 de
678 905 887 947 Galetrun
919 910 963 945 et
997 903 1128 944 frater
1160 904 1357 944 Thomas
1389 903 1444 943 de
1468 903 1724 956 Upofordia,

183 977 256 1029 qui
277 977 356 1017 hec
378 976 506 1017 michi
540 982 584 1016 et
618 974 762 1015 multis
796 973 888 1014 aliis
923 972 1167 1021 retulerunt,
1189 979 1232 1013 et
1262 971 1386 1013 multi
1417 972 1487 1012 alii
1517 971 1665 1012 fratres
1699 986 1724 1012 a

182 1045 303 1086 dicto
337 1045 469 1085 fratre
505 1044 664 1084 Adam.
731 1043 792 1083 Et
821 1042 964 1083 nescio
996 1047 1140 1082 utrum
1172 1054 1252 1094 ego
1282 1040 1362 1081 hec
1383 1041 1438 1081 ab
1458 1054 1510 1080 eo
1532 1041 1724 1081 audirem

180 1115 247 1155 vel
268 1127 368 1163 non,
391 1114 478 1154 scio
509 1112 623 1166 quod
647 1112 753 1153 illud
786 1111 897 1152 bene
930 1111 985 1151 ab
1017 1125 1068 1151 eo
1100 1111 1315 1151 audissem
1348 1109 1430 1149 nisi
1457 1109 1723 1162 negligentia

181 1182 247 1223 vel
270 1183 429 1223 incuria
451 1182 626 1222 fuissem
649 1181 892 1234 impeditus.
956 1180 1014 1220 Et
1034 1180 1189 1220 accidit
1207 1178 1290 1220 hoc
1317 1192 1450 1233 prope
1473 1178 1720 1228 Dublinum,

180 1256 223 1291 et
243 1250 312 1291 ille
333 1250 398 1291 cui
421 1251 576 1291 accidit
597 1250 777 1291 ballivus
798 1255 890 1289 erat
910 1254 1010 1289 tunc
1031 1249 1237 1301 temporis
1258 1248 1312 1288 de
1334 1247 1477 1287 Turvi.

265 1319 357 1373 (96)
391 1319 550 1360 Adhuc
578 1325 725 1359 autem
753 1319 909 1372 legitur
937 1318 980 1357 in
1012 1317 1100 1358 vita
1133 1317 1271 1357 sancti
1304 1316 1572 1369 Kentegerni
1604 1317 1720 1369 quod
1734 1320 1815 1371 Yita
1830 1321 1866 1370 [S.

177 1389 368 1442 quedam
409 1389 588 1429 domina
628 1388 682 1429 de
724 1388 878 1429 Scocia
912 1400 1060 1427 amore
1096 1386 1244 1427 illicito
1282 1385 1464 1426 militem
1500 1385 1720 1439 quendam
1735 1364 1852 1448 ζὲἳὲι

177 1457 361 1511 diligens
394 1457 570 1498 anulum
603 1458 845 1509 preciosum
880 1469 1010 1509 quem
1044 1457 1082 1496 ei
1116 1455 1318 1496 dominus
1349 1467 1446 1495 suus
1481 1454 1721 1495 contulerat

179 1526 303 1566 militi
336 1527 522 1567 donavit.
587 1525 792 1578 Quadam
824 1531 976 1578 postea
1008 1524 1089 1573 die,
1123 1537 1223 1565 cum
1256 1524 1461 1564 dominus
1488 1524 1560 1564 ille
1590 1537 1721 1564 causa

174 1596 361 1635 venandi
391 1595 539 1635 silvam
569 1595 784 1643 intrasset,
813 1595 997 1647 contigit
1026 1594 1212 1634 militem
1242 1593 1482 1646 predictum
1513 1592 1605 1633 aliis
1634 1593 1719 1633 huc

174 1664 359 1717 illucque
395 1669 441 1704 ut
479 1676 573 1704 mos
614 1670 678 1705 est
706 1664 917 1717 >dispersis
953 1664 1092 1704 solum
1131 1676 1229 1703 cum
1267 1663 1449 1703 domino
1483 1675 1716 1705 remanere.

176 1732 373 1786 Cumque
401 1734 525 1773 iuxta
554 1733 732 1773 fluvium
761 1733 980 1786 quendam
1010 1732 1135 1773 simul
1166 1732 1255 1772 duo
1283 1732 1362 1772 soli
1390 1732 1721 1786 requiescerent,

172 1802 441 1843 obdormivit
473 1802 595 1843 miles
626 1803 750 1843 iuxta
779 1803 1010 1843 dominum
1040 1815 1164 1842 suum
1196 1807 1239 1841 et
1270 1808 1454 1842 extensa
1483 1815 1508 1840 a
1539 1814 1584 1841 se
1616 1800 1718 1854 [sol.

177 1880 198 1922 5
209 1871 275 1925 5b]
318 1884 448 1912 manu
489 1872 666 1924 agnovit
708 1872 750 1912 in
789 1885 890 1913 eum
929 1872 1132 1912 dominus
1168 1871 1343 1911 anulum
1380 1883 1509 1923 quem
1545 1870 1720 1910 domine

170 1940 433 1981 donaverat:
466 1954 596 1994 quem
626 1955 651 1980 a
677 1941 812 1994 digito
842 1941 1096 1981 dormientis
1128 1940 1239 1981 clam
1271 1939 1505 1980 extrahens
1535 1939 1718 1992 proiecit

170 2006 214 2046 in
257 2006 444 2057 fluvium,
481 2014 525 2047 et
560 2008 751 2048 excitato
787 2007 923 2048 milite
960 2020 1152 2048 reversus
1189 2013 1254 2047 est
1290 2008 1333 2046 in
1369 2006 1596 2059 palacium.
1659 2006 1718 2045 Et

174 2081 328 2115 vocata
361 2076 539 2116 domina
572 2076 694 2117 iussit
726 2076 807 2116 sibi
842 2076 1015 2116 anulum
1052 2090 1181 2129 quern
1216 2076 1260 2116 in
1297 2076 1452 2129 pignus
1485 2075 1645 2115 amoris
1679 2075 1717 2114 ei

169 2144 410 2184 donaverat
446 2144 629 2185 afferre.2
691 2145 755 2185 At
790 2145 862 2185 illa
895 2145 1080 2186 multum
1117 2145 1324 2186 exterrita
1356 2145 1488 2198 peciit
1520 2144 1716 2184 inducias

172 2226 309 2266 usque
348 2213 403 2253 ad
444 2213 648 2259 triduum,
693 2213 802 2254 infra
846 2214 963 2267 quod
1001 2214 1142 2254 afferri
1180 2220 1328 2267 posset
1362 2227 1388 2253 a
1423 2212 1515 2253 1000
1551 2214 1593 2252 in
1630 2226 1716 2266 quo

171 2281 403 2322 simulabat
425 2295 523 2322 eum
547 2283 708 2323 habere
730 2283 773 2323 in
798 2283 1003 2323 thesauro
1027 2285 1274 2336 repositum.
1338 2282 1515 2323 Interim
1538 2283 1716 2322 domina

174 2351 353 2391 mittens
395 2351 449 2390 ad
493 2352 674 2392 militem
711 2353 777 2393 cui
812 2352 988 2393 anulum
1026 2352 1207 2393 dederat
1243 2358 1287 2392 et
1322 2352 1565 2404 intelligens
1599 2353 1714 2404 quod

171 2419 346 2460 anulum
378 2420 605 2469 amisisset,
638 2421 693 2461 ad
723 2421 1001 2462 confessionis
1029 2421 1270 2462 remedium
1302 2435 1348 2461 se
1376 2421 1560 2461 contulit
1589 2421 1715 2461 beato

174 2489 467 2540 Kentegerno‚
498 2493 600 2530 tunc
630 2489 745 2529 illius
775 2490 854 2530 loci
885 2491 1102 2543 episcopo,
1128 2497 1305 2544 peccata
1329 2504 1406 2531 sua
1432 2504 1530 2530 cum
1558 2504 1716 2543 magna

166 2557 509 2610 compunccione
553 2557 846 2601 manifestans,
908 2560 1008 2613 Quo
1053 2559 1170 2600 facto
1216 2560 1412 2599 minister
1448 2559 1714 2613 Kentegerni

173 2626 188 2678 [
423 2626 464 2676 ]3
501 2627 722 2679 quendam
759 2628 873 2669 iussu
907 2629 1071 2668 domini
1106 2629 1170 2669 sui
1205 2629 1259 2669 de
1292 2627 1423 2669 fluvio
1456 2628 1527 2668 illo
1559 2642 1713 2682 appre-

171 2695 365 2734 hendens
401 2701 446 2735 et
482 2701 759 2746 exenterans,
796 2697 839 2737 in
878 2711 930 2738 eo
967 2697 1143 2738 anulum
1178 2698 1336 2750 reperit
1372 2711 1500 2750 quem
1537 2698 1714 2738 domino

169 2776 249 2803 suo
283 2776 389 2803 mox
421 2764 575 2804 attulit.
637 2765 699 2805 At
731 2765 802 2806 ille
833 2780 889 2806 ex
919 2766 1003 2807 hiis
1035 2780 1117 2820 que
1149 2767 1323 2806 domina
1354 2766 1435 2807 sibi
1469 2767 1715 2808 manifesta-

482 2878 493 2897 1
508 2879 582 2910 MS.
602 2880 790 2911 emendam.
924 2880 1022 2912 2ΜΞ.
1040 2882 1177 2912 auferre.

479 2921 491 2940 3
504 2922 617 2953 Blank
634 2933 734 2963 space
751 2923 809 2954 left
823 2924 873 2955 sor
889 2934 954 2956 one
969 2924 1267 2965 word—probably
1276 2924 1412 2967 piscem.
