<?xml version="1.0" encoding="UTF-8"?>
<!DOCTYPE html PUBLIC "-//W3C//DTD XHTML 1.0 Transitional//EN"
    "http://www.w3.org/TR/xhtml1/DTD/xhtml1-transitional.dtd">
<html xmlns="http://www.w3.org/1999/xhtml" xml:lang="en" lang="en">
 <head>
  <title>
</title>
<meta http-equiv="Content-Type" content="text/html;charset=utf-8" />
  <meta name='ocr-system' content='tesseract 3.04.00' />
  <meta name='ocr-capabilities' content='ocr_page ocr_carea ocr_par ocr_line ocrx_word'/>
</head>
<body>
  <div class='ocr_page' id='page_1' title='image "./liberexemploruma00litt_0127.png"; bbox 0 0 2052 3278; ppageno 0'>
   <div class='ocr_carea' id='block_1_1' title="bbox 754 201 1706 265">
    <p class='ocr_par' dir='ltr' id='par_1_1' title="bbox 754 201 1706 265">
     <span class='ocr_line' id='line_1_1' title="bbox 754 201 1706 265; baseline -0.001 -12"><span class='ocrx_word' id='word_1_1' title='bbox 754 201 849 253; x_wconf 73' lang='lat' dir='ltr'><strong>&#39;DE</strong></span> <span class='ocrx_word' id='word_1_2' title='bbox 882 211 1112 255; x_wconf 78' lang='lat' dir='ltr'><strong>FURTis</strong></span> <span class='ocrx_word' id='word_1_3' title='bbox 1651 214 1706 265; x_wconf 79' lang='lat'><strong>89</strong></span> 
     </span>
    </p>
   </div>
   <div class='ocr_carea' id='block_1_2' title="bbox 167 327 1931 2746">
    <p class='ocr_par' dir='ltr' id='par_1_2' title="bbox 167 327 1915 2592">
     <span class='ocr_line' id='line_1_2' title="bbox 171 327 1709 381; baseline -0.003 -11"><span class='ocrx_word' id='word_1_4' title='bbox 171 330 391 370; x_wconf 88' lang='lat' dir='ltr'>contencio</span> <span class='ocrx_word' id='word_1_5' title='bbox 422 335 535 369; x_wconf 89' lang='lat' dir='ltr'><strong>esset</strong></span> <span class='ocrx_word' id='word_1_6' title='bbox 568 329 678 368; x_wconf 89' lang='lat' dir='ltr'><strong>inter</strong></span> <span class='ocrx_word' id='word_1_7' title='bbox 705 328 939 381; x_wconf 83' lang='lat' dir='ltr'><strong>burgenses</strong></span> <span class='ocrx_word' id='word_1_8' title='bbox 971 329 1014 368; x_wconf 90' lang='lat' dir='ltr'><strong>in</strong></span> <span class='ocrx_word' id='word_1_9' title='bbox 1037 329 1152 368; x_wconf 91' lang='lat' dir='ltr'><strong>cuius</strong></span> <span class='ocrx_word' id='word_1_10' title='bbox 1183 328 1317 368; x_wconf 89' lang='lat' dir='ltr'><strong>domo</strong></span> <span class='ocrx_word' id='word_1_11' title='bbox 1349 327 1558 367; x_wconf 91' lang='lat' dir='ltr'><strong>deberent</strong></span> <span class='ocrx_word' id='word_1_12' title='bbox 1579 332 1709 367; x_wconf 90' lang='lat' dir='ltr'><strong>nocte</strong></span> 
     </span>
     <span class='ocr_line' id='line_1_3' title="bbox 171 394 1709 451; baseline -0.003 -12"><span class='ocrx_word' id='word_1_13' title='bbox 171 399 241 439; x_wconf 92' lang='lat' dir='ltr'><strong>illa</strong></span> <span class='ocrx_word' id='word_1_14' title='bbox 273 411 456 447; x_wconf 87' lang='lat' dir='ltr'><strong>manere,</strong></span> <span class='ocrx_word' id='word_1_15' title='bbox 479 404 628 437; x_wconf 91' lang='lat' dir='ltr'><strong>tamen</strong></span> <span class='ocrx_word' id='word_1_16' title='bbox 661 398 838 438; x_wconf 90' lang='lat' dir='ltr'><strong>tandem</strong></span> <span class='ocrx_word' id='word_1_17' title='bbox 871 397 1126 437; x_wconf 90' lang='lat' dir='ltr'><strong>dimiserunt</strong></span> <span class='ocrx_word' id='word_1_18' title='bbox 1153 411 1229 437; x_wconf 91' lang='lat' dir='ltr'><strong>eos</strong></span> <span class='ocrx_word' id='word_1_19' title='bbox 1264 396 1487 451; x_wconf 89' lang='lat' dir='ltr'><strong>preposito</strong></span> <span class='ocrx_word' id='word_1_20' title='bbox 1520 394 1619 436; x_wconf 89' lang='lat' dir='ltr'><strong>ville</strong></span> <span class='ocrx_word' id='word_1_21' title='bbox 1651 394 1709 435; x_wconf 92' lang='lat' dir='ltr'><strong>ob</strong></span> 
     </span>
     <span class='ocr_line' id='line_1_4' title="bbox 170 465 1711 517; baseline -0.001 -11"><span class='ocrx_word' id='word_1_22' title='bbox 170 468 453 508; x_wconf 83' lang='lat' dir='ltr'><strong>reverenciam</strong></span> <span class='ocrx_word' id='word_1_23' title='bbox 494 478 627 506; x_wconf 88' lang='lat' dir='ltr'><strong>suam.</strong></span> <span class='ocrx_word' id='word_1_24' title='bbox 700 466 832 506; x_wconf 89' lang='lat' dir='ltr'><strong>Mane</strong></span> <span class='ocrx_word' id='word_1_25' title='bbox 873 473 1017 506; x_wconf 89' lang='lat' dir='ltr'><strong>autem</strong></span> <span class='ocrx_word' id='word_1_26' title='bbox 1059 465 1186 516; x_wconf 86' lang='lat' dir='ltr'><strong>facto,</strong></span> <span class='ocrx_word' id='word_1_27' title='bbox 1229 467 1380 506; x_wconf 91' lang='lat' dir='ltr'><strong>stravit</strong></span> <span class='ocrx_word' id='word_1_28' title='bbox 1420 465 1541 505; x_wconf 90' lang='lat' dir='ltr'><strong>dives</strong></span> <span class='ocrx_word' id='word_1_29' title='bbox 1576 478 1711 517; x_wconf 91' lang='lat' dir='ltr'><strong>equos</strong></span> 
     </span>
     <span class='ocr_line' id='line_1_5' title="bbox 171 534 1709 589; baseline -0.002 -14"><span class='ocrx_word' id='word_1_30' title='bbox 171 549 281 587; x_wconf 92' lang='lat' dir='ltr'><strong>suos,</strong></span> <span class='ocrx_word' id='word_1_31' title='bbox 321 541 373 586; x_wconf 82' lang='lat' dir='ltr'><strong>et,</strong></span> <span class='ocrx_word' id='word_1_32' title='bbox 410 534 666 576; x_wconf 82' lang='lat' dir='ltr'><strong>valefaciens</strong></span> <span class='ocrx_word' id='word_1_33' title='bbox 702 534 948 588; x_wconf 81' lang='lat' dir='ltr'><strong>peregrinis,</strong></span> <span class='ocrx_word' id='word_1_34' title='bbox 982 536 1153 589; x_wconf 89' lang='lat' dir='ltr'><strong>rogavit</strong></span> <span class='ocrx_word' id='word_1_35' title='bbox 1187 542 1233 575; x_wconf 93' lang='lat' dir='ltr'><strong>ut</strong></span> <span class='ocrx_word' id='word_1_36' title='bbox 1264 548 1353 575; x_wconf 91' lang='lat' dir='ltr'><strong>non</strong></span> <span class='ocrx_word' id='word_1_37' title='bbox 1384 534 1596 575; x_wconf 90' lang='lat' dir='ltr'><strong>haberent</strong></span> <span class='ocrx_word' id='word_1_38' title='bbox 1632 546 1709 586; x_wconf 89' lang='lat' dir='ltr'><strong>pro</strong></span> 
     </span>
     <span class='ocr_line' id='line_1_6' title="bbox 171 602 1709 658; baseline -0.003 -12"><span class='ocrx_word' id='word_1_39' title='bbox 171 606 286 646; x_wconf 89' lang='lat' dir='ltr'><strong>malo</strong></span> <span class='ocrx_word' id='word_1_40' title='bbox 307 605 423 658; x_wconf 92' lang='lat' dir='ltr'><strong>quod</strong></span> <span class='ocrx_word' id='word_1_41' title='bbox 455 605 515 644; x_wconf 89' lang='lat' dir='ltr'><strong>sic</strong></span> <span class='ocrx_word' id='word_1_42' title='bbox 544 603 767 643; x_wconf 84' lang='lat' dir='ltr'><strong>festinaret</strong></span> <span class='ocrx_word' id='word_1_43' title='bbox 798 605 917 658; x_wconf 85' lang='lat' dir='ltr'><strong>exire</strong></span> <span class='ocrx_word' id='word_1_44' title='bbox 948 605 1001 644; x_wconf 93' lang='lat' dir='ltr'><strong>de</strong></span> <span class='ocrx_word' id='word_1_45' title='bbox 1032 605 1175 654; x_wconf 91' lang='lat' dir='ltr'><strong>domo,</strong></span> <span class='ocrx_word' id='word_1_46' title='bbox 1197 604 1419 657; x_wconf 82' lang='lat' dir='ltr'><strong>dixitque:</strong></span> <span class='ocrx_word' id='word_1_47' title='bbox 1455 603 1578 643; x_wconf 85' lang='lat' dir='ltr'><strong>‘Rex</strong></span> <span class='ocrx_word' id='word_1_48' title='bbox 1609 602 1709 642; x_wconf 88' lang='lat' dir='ltr'><strong>fecit</strong></span> 
     </span>
     <span class='ocr_line' id='line_1_7' title="bbox 169 673 1709 726; baseline -0.002 -12"><span class='ocrx_word' id='word_1_49' title='bbox 169 674 358 715; x_wconf 89' lang='lat' dir='ltr'><strong>edictum</strong></span> <span class='ocrx_word' id='word_1_50' title='bbox 393 680 440 714; x_wconf 92' lang='lat' dir='ltr'><strong>ut</strong></span> <span class='ocrx_word' id='word_1_51' title='bbox 474 673 548 714; x_wconf 89' lang='lat' dir='ltr'><strong>tali</strong></span> <span class='ocrx_word' id='word_1_52' title='bbox 580 673 649 712; x_wconf 90' lang='lat' dir='ltr'><strong>die</strong></span> <span class='ocrx_word' id='word_1_53' title='bbox 681 685 831 712; x_wconf 91' lang='lat' dir='ltr'><strong>omnes</strong></span> <span class='ocrx_word' id='word_1_54' title='bbox 861 674 1006 725; x_wconf 88' lang='lat' dir='ltr'><strong>magni</strong></span> <span class='ocrx_word' id='word_1_55' title='bbox 1036 679 1081 712; x_wconf 93' lang='lat' dir='ltr'><strong>et</strong></span> <span class='ocrx_word' id='word_1_56' title='bbox 1110 674 1326 726; x_wconf 88' lang='lat' dir='ltr'><strong>sapientes</strong></span> <span class='ocrx_word' id='word_1_57' title='bbox 1357 673 1637 713; x_wconf 88' lang='lat' dir='ltr'><strong>convenirent</strong></span> <span class='ocrx_word' id='word_1_58' title='bbox 1666 677 1709 711; x_wconf 92' lang='lat' dir='ltr'><strong>et</strong></span> 
     </span>
     <span class='ocr_line' id='line_1_8' title="bbox 170 740 1710 796; baseline 0 -13"><span class='ocrx_word' id='word_1_59' title='bbox 170 756 295 796; x_wconf 92' lang='lat' dir='ltr'><strong>super</strong></span> <span class='ocrx_word' id='word_1_60' title='bbox 314 743 501 796; x_wconf 90' lang='lat' dir='ltr'><strong>quadam</strong></span> <span class='ocrx_word' id='word_1_61' title='bbox 523 741 748 795; x_wconf 88' lang='lat' dir='ltr'><strong>questione</strong></span> <span class='ocrx_word' id='word_1_62' title='bbox 769 741 1052 781; x_wconf 90' lang='lat' dir='ltr'><strong>diiudicarent</strong></span> <span class='ocrx_word' id='word_1_63' title='bbox 1066 740 1086 782; x_wconf 92' lang='lat'><strong>&#39;.</strong></span> <span class='ocrx_word' id='word_1_64' title='bbox 1152 742 1252 782; x_wconf 87' lang='lat' dir='ltr'><strong>Fuit</strong></span> <span class='ocrx_word' id='word_1_65' title='bbox 1268 748 1412 782; x_wconf 89' lang='lat' dir='ltr'><strong>autem</strong></span> <span class='ocrx_word' id='word_1_66' title='bbox 1430 740 1509 781; x_wconf 91' lang='lat' dir='ltr'><strong>hec</strong></span> <span class='ocrx_word' id='word_1_67' title='bbox 1529 742 1710 794; x_wconf 74' lang='lat' dir='ltr'><strong>questio,</strong></span> 
     </span>
     <span class='ocr_line' id='line_1_9' title="bbox 171 811 1711 865; baseline -0.002 -13"><span class='ocrx_word' id='word_1_68' title='bbox 171 811 359 865; x_wconf 78' lang='lat' dir='ltr'><strong>Quidam</strong></span> <span class='ocrx_word' id='word_1_69' title='bbox 380 812 576 852; x_wconf 88' lang='lat' dir='ltr'><strong>vendidit</strong></span> <span class='ocrx_word' id='word_1_70' title='bbox 597 817 757 850; x_wconf 86' lang='lat' dir='ltr'><strong>terram</strong></span> <span class='ocrx_word' id='word_1_71' title='bbox 780 824 901 850; x_wconf 88' lang='lat' dir='ltr'><strong>suam</strong></span> <span class='ocrx_word' id='word_1_72' title='bbox 924 811 1064 850; x_wconf 90' lang='lat' dir='ltr'><strong>vicino</strong></span> <span class='ocrx_word' id='word_1_73' title='bbox 1085 823 1164 850; x_wconf 94' lang='lat' dir='ltr'><strong>suo</strong></span> <span class='ocrx_word' id='word_1_74' title='bbox 1184 811 1239 850; x_wconf 93' lang='lat' dir='ltr'><strong>ad</strong></span> <span class='ocrx_word' id='word_1_75' title='bbox 1260 817 1322 861; x_wconf 79' lang='lat' dir='ltr'><strong>40r</strong></span> <span class='ocrx_word' id='word_1_76' title='bbox 1342 823 1503 860; x_wconf 85' lang='lat' dir='ltr'><strong>annos3</strong></span> <span class='ocrx_word' id='word_1_77' title='bbox 1527 823 1711 862; x_wconf 89' lang='lat' dir='ltr'><strong>cumque</strong></span> 
     </span>
     <span class='ocr_line' id='line_1_10' title="bbox 169 881 1746 933; baseline -0.002 -11"><span class='ocrx_word' id='word_1_78' title='bbox 169 883 482 923; x_wconf 82' lang='lat' dir='ltr'><strong>introduxisset</strong></span> <span class='ocrx_word' id='word_1_79' title='bbox 504 881 547 920; x_wconf 88' lang='lat' dir='ltr'><strong>in</strong></span> <span class='ocrx_word' id='word_1_80' title='bbox 569 893 720 932; x_wconf 87' lang='lat' dir='ltr'><strong>agrum</strong></span> <span class='ocrx_word' id='word_1_81' title='bbox 751 886 948 932; x_wconf 90' lang='lat' dir='ltr'><strong>emptum</strong></span> <span class='ocrx_word' id='word_1_82' title='bbox 980 886 1151 933; x_wconf 88' lang='lat' dir='ltr'><strong>emptor</strong></span> <span class='ocrx_word' id='word_1_83' title='bbox 1172 886 1372 931; x_wconf 89' lang='lat' dir='ltr'><strong>aratrum,</strong></span> <span class='ocrx_word' id='word_1_84' title='bbox 1395 882 1542 922; x_wconf 90' lang='lat' dir='ltr'><strong>statim</strong></span> <span class='ocrx_word' id='word_1_85' title='bbox 1564 894 1713 921; x_wconf 89' lang='lat' dir='ltr'><strong>vomer</strong></span> <span class='ocrx_word' id='word_1_86' title='bbox 1744 916 1746 919; x_wconf 86' lang='lat'>.</span> 
     </span>
     <span class='ocr_line' id='line_1_11' title="bbox 169 948 1712 1002; baseline -0.001 -11"><span class='ocrx_word' id='word_1_87' title='bbox 169 952 301 991; x_wconf 87' lang='lat' dir='ltr'><strong>aratri</strong></span> <span class='ocrx_word' id='word_1_88' title='bbox 337 951 494 991; x_wconf 88' lang='lat' dir='ltr'><strong>levavit</strong></span> <span class='ocrx_word' id='word_1_89' title='bbox 530 962 734 1002; x_wconf 86' lang='lat' dir='ltr'><strong>magnum</strong></span> <span class='ocrx_word' id='word_1_90' title='bbox 774 948 950 1002; x_wconf 85' lang='lat' dir='ltr'><strong>globum</strong></span> <span class='ocrx_word' id='word_1_91' title='bbox 993 950 1095 989; x_wconf 91' lang='lat' dir='ltr'><strong>auri.</strong></span> <span class='ocrx_word' id='word_1_92' title='bbox 1179 948 1280 1002; x_wconf 74' lang='lat' dir='ltr'><strong>Quo</strong></span> <span class='ocrx_word' id='word_1_93' title='bbox 1319 956 1557 1002; x_wconf 87' lang='lat' dir='ltr'><strong>comperto,</strong></span> <span class='ocrx_word' id='word_1_94' title='bbox 1598 950 1712 990; x_wconf 80' lang='lat' dir='ltr'><strong>dixit</strong></span> 
     </span>
     <span class='ocr_line' id='line_1_12' title="bbox 171 1018 1710 1074; baseline -0.002 -13"><span class='ocrx_word' id='word_1_95' title='bbox 171 1026 343 1074; x_wconf 88' lang='lat' dir='ltr'><strong>emptor</strong></span> <span class='ocrx_word' id='word_1_96' title='bbox 384 1021 493 1060; x_wconf 91' lang='lat' dir='ltr'><strong>intra</strong></span> <span class='ocrx_word' id='word_1_97' title='bbox 533 1032 603 1059; x_wconf 90' lang='lat' dir='ltr'><strong>se:</strong></span> <span class='ocrx_word' id='word_1_98' title='bbox 650 1018 772 1071; x_wconf 85' lang='lat' dir='ltr'><strong>‘Ego</strong></span> <span class='ocrx_word' id='word_1_99' title='bbox 814 1032 902 1058; x_wconf 92' lang='lat' dir='ltr'><strong>non</strong></span> <span class='ocrx_word' id='word_1_100' title='bbox 945 1020 1029 1058; x_wconf 89' lang='lat' dir='ltr'><strong>emi</strong></span> <span class='ocrx_word' id='word_1_101' title='bbox 1066 1019 1146 1059; x_wconf 91' lang='lat' dir='ltr'><strong>nisi</strong></span> <span class='ocrx_word' id='word_1_102' title='bbox 1182 1024 1341 1059; x_wconf 88' lang='lat' dir='ltr'><strong>terram</strong></span> <span class='ocrx_word' id='word_1_103' title='bbox 1378 1020 1507 1059; x_wconf 87' lang='lat' dir='ltr'><strong>istam</strong></span> <span class='ocrx_word' id='word_1_104' title='bbox 1541 1025 1584 1059; x_wconf 90' lang='lat' dir='ltr'><strong>et</strong></span> <span class='ocrx_word' id='word_1_105' title='bbox 1620 1032 1710 1059; x_wconf 90' lang='lat' dir='ltr'><strong>non</strong></span> 
     </span>
     <span class='ocr_line' id='line_1_13' title="bbox 168 1087 1709 1142; baseline -0.003 -12"><span class='ocrx_word' id='word_1_106' title='bbox 168 1103 327 1130; x_wconf 88' lang='lat' dir='ltr'><strong>aurum.</strong></span> <span class='ocrx_word' id='word_1_107' title='bbox 388 1089 488 1142; x_wconf 90' lang='lat' dir='ltr'><strong>Ego</strong></span> <span class='ocrx_word' id='word_1_108' title='bbox 510 1101 596 1128; x_wconf 93' lang='lat' dir='ltr'><strong>non</strong></span> <span class='ocrx_word' id='word_1_109' title='bbox 629 1088 770 1128; x_wconf 92' lang='lat' dir='ltr'><strong>habeo</strong></span> <span class='ocrx_word' id='word_1_110' title='bbox 801 1088 864 1127; x_wconf 88' lang='lat' dir='ltr'><strong>ius</strong></span> <span class='ocrx_word' id='word_1_111' title='bbox 895 1088 936 1127; x_wconf 92' lang='lat' dir='ltr'><strong>in</strong></span> <span class='ocrx_word' id='word_1_112' title='bbox 959 1101 1065 1128; x_wconf 90' lang='lat' dir='ltr'><strong>auro</strong></span> <span class='ocrx_word' id='word_1_113' title='bbox 1088 1089 1194 1137; x_wconf 88' lang='lat' dir='ltr'><strong>isto;</strong></span> <span class='ocrx_word' id='word_1_114' title='bbox 1228 1087 1371 1141; x_wconf 86' lang='lat' dir='ltr'><strong>e[r]go</strong></span> <span class='ocrx_word' id='word_1_115' title='bbox 1393 1089 1573 1128; x_wconf 90' lang='lat' dir='ltr'><strong>restituo</strong></span> <span class='ocrx_word' id='word_1_116' title='bbox 1606 1087 1709 1127; x_wconf 91' lang='lat' dir='ltr'><strong>illud</strong></span> 
     </span>
     <span class='ocr_line' id='line_1_14' title="bbox 168 1155 1710 1211; baseline -0.002 -12"><span class='ocrx_word' id='word_1_117' title='bbox 168 1159 348 1199; x_wconf 92' lang='lat' dir='ltr'><strong>domino</strong></span> <span class='ocrx_word' id='word_1_118' title='bbox 381 1155 494 1211; x_wconf 90' lang='lat' dir='ltr'><strong>agri.’</strong></span> <span class='ocrx_word' id='word_1_119' title='bbox 580 1156 618 1196; x_wconf 90' lang='lat' dir='ltr'>E</span> <span class='ocrx_word' id='word_1_120' title='bbox 660 1163 810 1197; x_wconf 87' lang='lat' dir='ltr'><strong>contra</strong></span> <span class='ocrx_word' id='word_1_121' title='bbox 851 1157 1050 1197; x_wconf 91' lang='lat' dir='ltr'><strong>venditor</strong></span> <span class='ocrx_word' id='word_1_122' title='bbox 1083 1157 1212 1197; x_wconf 87' lang='lat' dir='ltr'><strong>dicit:</strong></span> <span class='ocrx_word' id='word_1_123' title='bbox 1255 1156 1378 1210; x_wconf 88' lang='lat' dir='ltr'><strong>‘Ego</strong></span> <span class='ocrx_word' id='word_1_124' title='bbox 1413 1171 1502 1197; x_wconf 91' lang='lat' dir='ltr'><strong>non</strong></span> <span class='ocrx_word' id='word_1_125' title='bbox 1539 1162 1710 1197; x_wconf 90' lang='lat' dir='ltr'><strong>tantum</strong></span> 
     </span>
     <span class='ocr_line' id='line_1_15' title="bbox 169 1215 1714 1279; baseline -0.001 -11"><span class='ocrx_word' id='word_1_126' title='bbox 169 1227 342 1268; x_wconf 89' lang='lat' dir='ltr'><strong>vendidi</strong></span> <span class='ocrx_word' id='word_1_127' title='bbox 363 1232 534 1276; x_wconf 88' lang='lat' dir='ltr'><strong>terram,</strong></span> <span class='ocrx_word' id='word_1_128' title='bbox 558 1215 632 1266; x_wconf 85' lang='lat' dir='ltr'><strong>sed</strong></span> <span class='ocrx_word' id='word_1_129' title='bbox 663 1233 911 1279; x_wconf 91' lang='lat' dir='ltr'><strong>proventus,</strong></span> <span class='ocrx_word' id='word_1_130' title='bbox 934 1231 976 1266; x_wconf 87' lang='lat' dir='ltr'><strong>et</strong></span> <span class='ocrx_word' id='word_1_131' title='bbox 997 1232 1117 1266; x_wconf 91' lang='lat' dir='ltr'><strong>tuum</strong></span> <span class='ocrx_word' id='word_1_132' title='bbox 1149 1227 1229 1266; x_wconf 89' lang='lat' dir='ltr'><strong>erit</strong></span> <span class='ocrx_word' id='word_1_133' title='bbox 1251 1240 1399 1266; x_wconf 91' lang='lat' dir='ltr'><strong>aurum</strong></span> <span class='ocrx_word' id='word_1_134' title='bbox 1414 1226 1431 1265; x_wconf 91' lang='lat'><strong>’.</strong></span> <span class='ocrx_word' id='word_1_135' title='bbox 1494 1226 1554 1266; x_wconf 93' lang='lat' dir='ltr'><strong>Et</strong></span> <span class='ocrx_word' id='word_1_136' title='bbox 1586 1239 1714 1279; x_wconf 90' lang='lat' dir='ltr'><strong>super</strong></span> 
     </span>
     <span class='ocr_line' id='line_1_16' title="bbox 168 1295 1713 1349; baseline -0.002 -11"><span class='ocrx_word' id='word_1_137' title='bbox 168 1298 251 1338; x_wconf 92' lang='lat' dir='ltr'><strong>hoc</strong></span> <span class='ocrx_word' id='word_1_138' title='bbox 290 1296 437 1337; x_wconf 90' lang='lat' dir='ltr'><strong>debuit</strong></span> <span class='ocrx_word' id='word_1_139' title='bbox 470 1295 558 1336; x_wconf 90' lang='lat' dir='ltr'><strong>fieri</strong></span> <span class='ocrx_word' id='word_1_140' title='bbox 594 1295 842 1349; x_wconf 88' lang='lat' dir='ltr'><strong>disputacio.</strong></span> <span class='ocrx_word' id='word_1_141' title='bbox 923 1295 1022 1335; x_wconf 92' lang='lat' dir='ltr'><strong>Lite</strong></span> <span class='ocrx_word' id='word_1_142' title='bbox 1061 1302 1206 1336; x_wconf 86' lang='lat' dir='ltr'><strong>autem</strong></span> <span class='ocrx_word' id='word_1_143' title='bbox 1239 1296 1469 1349; x_wconf 77' lang='lat' dir='ltr'><strong>pendente,</strong></span> <span class='ocrx_word' id='word_1_144' title='bbox 1501 1295 1600 1336; x_wconf 88' lang='lat' dir='ltr'><strong>fecit</strong></span> <span class='ocrx_word' id='word_1_145' title='bbox 1636 1309 1713 1336; x_wconf 88' lang='lat' dir='ltr'><strong>rex</strong></span> 
     </span>
     <span class='ocr_line' id='line_1_17' title="bbox 168 1365 1715 1419; baseline -0.001 -13"><span class='ocrx_word' id='word_1_146' title='bbox 168 1366 426 1419; x_wconf 90' lang='lat' dir='ltr'><strong>suspendere</strong></span> <span class='ocrx_word' id='word_1_147' title='bbox 446 1379 597 1405; x_wconf 89' lang='lat' dir='ltr'><strong>aurum</strong></span> <span class='ocrx_word' id='word_1_148' title='bbox 620 1365 663 1404; x_wconf 90' lang='lat' dir='ltr'><strong>in</strong></span> <span class='ocrx_word' id='word_1_149' title='bbox 680 1378 787 1418; x_wconf 88' lang='lat' dir='ltr'><strong>agro</strong></span> <span class='ocrx_word' id='word_1_150' title='bbox 811 1365 1018 1417; x_wconf 85' lang='lat' dir='ltr'><strong>predicto,</strong></span> <span class='ocrx_word' id='word_1_151' title='bbox 1033 1365 1153 1405; x_wconf 90' lang='lat' dir='ltr'><strong>iuxta</strong></span> <span class='ocrx_word' id='word_1_152' title='bbox 1174 1366 1302 1405; x_wconf 90' lang='lat' dir='ltr'><strong>viam.</strong></span> <span class='ocrx_word' id='word_1_153' title='bbox 1356 1365 1715 1418; x_wconf 86' lang='lat' dir='ltr'><strong>Peregrinacione</strong></span> 
     </span>
     <span class='ocr_line' id='line_1_18' title="bbox 167 1434 1712 1487; baseline -0.001 -12"><span class='ocrx_word' id='word_1_154' title='bbox 167 1441 310 1475; x_wconf 87' lang='lat' dir='ltr'><strong>autem</strong></span> <span class='ocrx_word' id='word_1_155' title='bbox 328 1441 513 1487; x_wconf 89' lang='lat' dir='ltr'><strong>peracta,</strong></span> <span class='ocrx_word' id='word_1_156' title='bbox 537 1434 756 1474; x_wconf 89' lang='lat' dir='ltr'><strong>redierunt</strong></span> <span class='ocrx_word' id='word_1_157' title='bbox 774 1434 986 1486; x_wconf 87' lang='lat' dir='ltr'><strong>peregrini</strong></span> <span class='ocrx_word' id='word_1_158' title='bbox 1008 1440 1051 1474; x_wconf 92' lang='lat' dir='ltr'><strong>et</strong></span> <span class='ocrx_word' id='word_1_159' title='bbox 1067 1435 1323 1474; x_wconf 89' lang='lat' dir='ltr'><strong>invenerunt</strong></span> <span class='ocrx_word' id='word_1_160' title='bbox 1346 1435 1536 1487; x_wconf 92' lang='lat' dir='ltr'><strong>pendere</strong></span> <span class='ocrx_word' id='word_1_161' title='bbox 1552 1447 1712 1474; x_wconf 89' lang='lat' dir='ltr'><strong>aurum.</strong></span> 
     </span>
     <span class='ocr_line' id='line_1_19' title="bbox 173 1501 1713 1554; baseline -0.001 -10"><span class='ocrx_word' id='word_1_162' title='bbox 173 1504 232 1544; x_wconf 85' lang='lat' dir='ltr'><strong>Et</strong></span> <span class='ocrx_word' id='word_1_163' title='bbox 273 1504 385 1543; x_wconf 87' lang='lat' dir='ltr'><strong>dixit</strong></span> <span class='ocrx_word' id='word_1_164' title='bbox 423 1503 532 1543; x_wconf 91' lang='lat' dir='ltr'><strong>alter</strong></span> <span class='ocrx_word' id='word_1_165' title='bbox 567 1516 743 1542; x_wconf 90' lang='lat' dir='ltr'><strong>eorum:</strong></span> <span class='ocrx_word' id='word_1_166' title='bbox 799 1501 942 1554; x_wconf 73' lang='lat' dir='ltr'><strong>‘Eyai</strong></span> <span class='ocrx_word' id='word_1_167' title='bbox 991 1516 1143 1542; x_wconf 91' lang='lat' dir='ltr'><strong>aurum</strong></span> <span class='ocrx_word' id='word_1_168' title='bbox 1190 1502 1292 1542; x_wconf 91' lang='lat' dir='ltr'><strong>illud</strong></span> <span class='ocrx_word' id='word_1_169' title='bbox 1335 1503 1550 1543; x_wconf 89' lang='lat' dir='ltr'><strong>Dominus</strong></span> <span class='ocrx_word' id='word_1_170' title='bbox 1590 1502 1713 1543; x_wconf 91' lang='lat' dir='ltr'><strong>nobis</strong></span> 
     </span>
     <span class='ocr_line' id='line_1_20' title="bbox 170 1570 1714 1624; baseline -0.001 -12"><span class='ocrx_word' id='word_1_171' title='bbox 170 1573 357 1613; x_wconf 89' lang='lat' dir='ltr'><strong>servavit</strong></span> <span class='ocrx_word' id='word_1_172' title='bbox 392 1573 491 1624; x_wconf 91' lang='lat' dir='ltr'><strong>quia</strong></span> <span class='ocrx_word' id='word_1_173' title='bbox 526 1585 736 1624; x_wconf 87' lang='lat' dir='ltr'><strong>pauperes</strong></span> <span class='ocrx_word' id='word_1_174' title='bbox 772 1584 917 1611; x_wconf 90' lang='lat' dir='ltr'><strong>sumus</strong></span> <span class='ocrx_word' id='word_1_175' title='bbox 932 1571 952 1611; x_wconf 81' lang='lat'><strong>⁷.</strong></span> <span class='ocrx_word' id='word_1_176' title='bbox 1016 1570 1088 1612; x_wconf 82' lang='lat' dir='ltr'><strong>Sic</strong></span> <span class='ocrx_word' id='word_1_177' title='bbox 1122 1577 1166 1611; x_wconf 93' lang='lat' dir='ltr'><strong>et</strong></span> <span class='ocrx_word' id='word_1_178' title='bbox 1206 1572 1314 1612; x_wconf 90' lang='lat' dir='ltr'><strong>alius</strong></span> <span class='ocrx_word' id='word_1_179' title='bbox 1355 1572 1479 1612; x_wconf 83' lang='lat' dir='ltr'><strong>dixit.</strong></span> <span class='ocrx_word' id='word_1_180' title='bbox 1541 1572 1714 1611; x_wconf 89' lang='lat' dir='ltr'><strong>Tertius</strong></span> 
     </span>
     <span class='ocr_line' id='line_1_21' title="bbox 169 1639 1714 1682; baseline -0.001 -1"><span class='ocrx_word' id='word_1_181' title='bbox 169 1655 273 1682; x_wconf 89' lang='lat' dir='ltr'><strong>vero</strong></span> <span class='ocrx_word' id='word_1_182' title='bbox 294 1641 429 1681; x_wconf 90' lang='lat' dir='ltr'><strong>dixit:</strong></span> <span class='ocrx_word' id='word_1_183' title='bbox 464 1640 588 1680; x_wconf 83' lang='lat' dir='ltr'><strong>‘Non</strong></span> <span class='ocrx_word' id='word_1_184' title='bbox 611 1640 820 1680; x_wconf 87' lang='lat' dir='ltr'><strong>habemus</strong></span> <span class='ocrx_word' id='word_1_185' title='bbox 852 1639 914 1680; x_wconf 90' lang='lat' dir='ltr'><strong>ius</strong></span> <span class='ocrx_word' id='word_1_186' title='bbox 947 1641 989 1679; x_wconf 92' lang='lat' dir='ltr'><strong>in</strong></span> <span class='ocrx_word' id='word_1_187' title='bbox 1021 1654 1084 1680; x_wconf 91' lang='lat' dir='ltr'><strong>eo.</strong></span> <span class='ocrx_word' id='word_1_188' title='bbox 1149 1641 1435 1681; x_wconf 88' lang='lat' dir='ltr'><strong>Dimittamus</strong></span> <span class='ocrx_word' id='word_1_189' title='bbox 1467 1639 1567 1680; x_wconf 92' lang='lat' dir='ltr'><strong>illud</strong></span> <span class='ocrx_word' id='word_1_190' title='bbox 1599 1641 1714 1680; x_wconf 88' lang='lat' dir='ltr'><strong>iusto</strong></span> 
     </span>
     <span class='ocr_line' id='line_1_22' title="bbox 172 1708 1718 1767; baseline -0.001 -17"><span class='ocrx_word' id='word_1_191' title='bbox 172 1711 410 1764; x_wconf 90' lang='lat' dir='ltr'><strong>possessori</strong></span> <span class='ocrx_word' id='word_1_192' title='bbox 452 1723 541 1758; x_wconf 89' lang='lat' dir='ltr'><strong>suo,</strong></span> <span class='ocrx_word' id='word_1_193' title='bbox 579 1715 622 1750; x_wconf 94' lang='lat' dir='ltr'><strong>et</strong></span> <span class='ocrx_word' id='word_1_194' title='bbox 658 1719 740 1762; x_wconf 83' lang='lat' dir='ltr'><strong>ego</strong></span> <span class='ocrx_word' id='word_1_195' title='bbox 776 1708 893 1749; x_wconf 91' lang='lat' dir='ltr'><strong>nullo</strong></span> <span class='ocrx_word' id='word_1_196' title='bbox 931 1709 1065 1767; x_wconf 89' lang='lat' dir='ltr'><strong>modo</strong></span> <span class='ocrx_word' id='word_1_197' title='bbox 1102 1711 1332 1750; x_wconf 91' lang='lat' dir='ltr'><strong>consencio</strong></span> <span class='ocrx_word' id='word_1_198' title='bbox 1369 1709 1491 1749; x_wconf 90' lang='lat' dir='ltr'><strong>vobis</strong></span> <span class='ocrx_word' id='word_1_199' title='bbox 1528 1710 1718 1762; x_wconf 87' lang='lat' dir='ltr'><strong>accipere</strong></span> 
     </span>
     <span class='ocr_line' id='line_1_23' title="bbox 171 1778 1715 1832; baseline -0.001 -13"><span class='ocrx_word' id='word_1_200' title='bbox 171 1778 295 1819; x_wconf 89' lang='lat' dir='ltr'><strong>illud.’</strong></span> <span class='ocrx_word' id='word_1_201' title='bbox 359 1779 460 1818; x_wconf 94' lang='lat' dir='ltr'><strong>Duo</strong></span> <span class='ocrx_word' id='word_1_202' title='bbox 487 1791 591 1818; x_wconf 88' lang='lat' dir='ltr'><strong>vero</strong></span> <span class='ocrx_word' id='word_1_203' title='bbox 621 1784 771 1818; x_wconf 86' lang='lat' dir='ltr'><strong>contra</strong></span> <span class='ocrx_word' id='word_1_204' title='bbox 800 1778 920 1818; x_wconf 88' lang='lat' dir='ltr'><strong>istius</strong></span> <span class='ocrx_word' id='word_1_205' title='bbox 952 1778 1222 1818; x_wconf 88' lang='lat' dir='ltr'><strong>voluntatem</strong></span> <span class='ocrx_word' id='word_1_206' title='bbox 1255 1784 1508 1832; x_wconf 90' lang='lat' dir='ltr'><strong>acceperunt</strong></span> <span class='ocrx_word' id='word_1_207' title='bbox 1539 1778 1640 1818; x_wconf 89' lang='lat' dir='ltr'><strong>illud</strong></span> <span class='ocrx_word' id='word_1_208' title='bbox 1673 1785 1715 1818; x_wconf 94' lang='lat' dir='ltr'><strong>et</strong></span> 
     </span>
     <span class='ocr_line' id='line_1_24' title="bbox 172 1846 1715 1901; baseline -0.001 -13"><span class='ocrx_word' id='word_1_209' title='bbox 172 1853 510 1901; x_wconf 91' lang='lat' dir='ltr'><strong>asportaverunt.</strong></span> <span class='ocrx_word' id='word_1_210' title='bbox 574 1846 771 1900; x_wconf 89' lang='lat' dir='ltr'><strong>Cumque</strong></span> <span class='ocrx_word' id='word_1_211' title='bbox 803 1846 922 1887; x_wconf 91' lang='lat' dir='ltr'><strong>fieret</strong></span> <span class='ocrx_word' id='word_1_212' title='bbox 954 1860 1113 1900; x_wconf 85' lang='lat' dir='ltr'><strong>magna</strong></span> <span class='ocrx_word' id='word_1_213' title='bbox 1134 1847 1397 1900; x_wconf 86' lang='lat' dir='ltr'><strong>disceptacio</strong></span> <span class='ocrx_word' id='word_1_214' title='bbox 1420 1848 1463 1887; x_wconf 91' lang='lat' dir='ltr'><strong>in</strong></span> <span class='ocrx_word' id='word_1_215' title='bbox 1486 1846 1589 1900; x_wconf 83' lang='lat' dir='ltr'><em>[fol.</em></span> <span class='ocrx_word' id='word_1_216' title='bbox 1614 1847 1715 1900; x_wconf 62' lang='lat'>81⁶1]</span> 
     </span>
     <span class='ocr_line' id='line_1_25' title="bbox 170 1916 1714 1969; baseline -0.001 -13"><span class='ocrx_word' id='word_1_217' title='bbox 170 1917 513 1969; x_wconf 89' lang='lat' dir='ltr'><strong>congregacione</strong></span> <span class='ocrx_word' id='word_1_218' title='bbox 558 1929 686 1969; x_wconf 87' lang='lat' dir='ltr'><strong>super</strong></span> <span class='ocrx_word' id='word_1_219' title='bbox 737 1916 930 1968; x_wconf 89' lang='lat' dir='ltr'><strong>predicta</strong></span> <span class='ocrx_word' id='word_1_220' title='bbox 980 1917 1219 1968; x_wconf 89' lang='lat' dir='ltr'><strong>questione,</strong></span> <span class='ocrx_word' id='word_1_221' title='bbox 1261 1917 1375 1956; x_wconf 87' lang='lat' dir='ltr'><strong>dixit</strong></span> <span class='ocrx_word' id='word_1_222' title='bbox 1417 1916 1592 1969; x_wconf 91' lang='lat' dir='ltr'><strong>quidam</strong></span> <span class='ocrx_word' id='word_1_223' title='bbox 1644 1917 1714 1968; x_wconf 91' lang='lat' dir='ltr'><strong>qui</strong></span> 
     </span>
     <span class='ocr_line' id='line_1_26' title="bbox 172 1985 1713 2037; baseline -0.001 -12"><span class='ocrx_word' id='word_1_224' title='bbox 172 1998 322 2025; x_wconf 89' lang='lat' dir='ltr'><strong>aurum</strong></span> <span class='ocrx_word' id='word_1_225' title='bbox 357 1987 442 2025; x_wconf 91' lang='lat' dir='ltr'><strong>iam</strong></span> <span class='ocrx_word' id='word_1_226' title='bbox 476 1989 746 2037; x_wconf 87' lang='lat' dir='ltr'><strong>asportatum</strong></span> <span class='ocrx_word' id='word_1_227' title='bbox 780 1986 1007 2037; x_wconf 88' lang='lat' dir='ltr'><strong>cognovit:</strong></span> <span class='ocrx_word' id='word_1_228' title='bbox 1044 1986 1149 2025; x_wconf 87' lang='lat' dir='ltr'><strong>‘Pro</strong></span> <span class='ocrx_word' id='word_1_229' title='bbox 1180 1985 1338 2025; x_wconf 89' lang='lat' dir='ltr'><strong>nichilo</strong></span> <span class='ocrx_word' id='word_1_230' title='bbox 1361 1999 1439 2025; x_wconf 92' lang='lat' dir='ltr'><strong>vos</strong></span> <span class='ocrx_word' id='word_1_231' title='bbox 1462 1985 1713 2037; x_wconf 78' lang='lat' dir='ltr'><strong>loquimini3</strong></span> 
     </span>
     <span class='ocr_line' id='line_1_27' title="bbox 171 2052 1716 2107; baseline -0.001 -13"><span class='ocrx_word' id='word_1_232' title='bbox 171 2067 322 2094; x_wconf 91' lang='lat' dir='ltr'><strong>aurum</strong></span> <span class='ocrx_word' id='word_1_233' title='bbox 364 2054 466 2094; x_wconf 90' lang='lat' dir='ltr'><strong>illud</strong></span> <span class='ocrx_word' id='word_1_234' title='bbox 510 2052 699 2094; x_wconf 88' lang='lat' dir='ltr'><strong>furatum</strong></span> <span class='ocrx_word' id='word_1_235' title='bbox 736 2052 840 2094; x_wconf 86' lang='lat' dir='ltr'><strong>est&#39;.</strong></span> <span class='ocrx_word' id='word_1_236' title='bbox 917 2054 1018 2107; x_wconf 76' lang='lat' dir='ltr'><strong>Quo</strong></span> <span class='ocrx_word' id='word_1_237' title='bbox 1060 2055 1219 2104; x_wconf 87' lang='lat' dir='ltr'><strong>audito,</strong></span> <span class='ocrx_word' id='word_1_238' title='bbox 1262 2068 1340 2094; x_wconf 91' lang='lat' dir='ltr'><strong>rex</strong></span> <span class='ocrx_word' id='word_1_239' title='bbox 1382 2054 1511 2094; x_wconf 90' lang='lat' dir='ltr'><strong>iratus</strong></span> <span class='ocrx_word' id='word_1_240' title='bbox 1552 2061 1629 2103; x_wconf 88' lang='lat' dir='ltr'><strong>est,</strong></span> <span class='ocrx_word' id='word_1_241' title='bbox 1673 2061 1716 2094; x_wconf 92' lang='lat' dir='ltr'><strong>et</strong></span> 
     </span>
     <span class='ocr_line' id='line_1_28' title="bbox 173 2123 1715 2177; baseline -0.001 -13"><span class='ocrx_word' id='word_1_242' title='bbox 173 2125 389 2165; x_wconf 86' lang='lat' dir='ltr'><strong>intellexit</strong></span> <span class='ocrx_word' id='word_1_243' title='bbox 418 2138 493 2177; x_wconf 89' lang='lat' dir='ltr'><strong>per</strong></span> <span class='ocrx_word' id='word_1_244' title='bbox 529 2124 715 2164; x_wconf 90' lang='lat' dir='ltr'><strong>relatum</strong></span> <span class='ocrx_word' id='word_1_245' title='bbox 749 2124 864 2177; x_wconf 90' lang='lat' dir='ltr'><strong>quod</strong></span> <span class='ocrx_word' id='word_1_246' title='bbox 899 2124 957 2165; x_wconf 90' lang='lat' dir='ltr'><strong>illi</strong></span> <span class='ocrx_word' id='word_1_247' title='bbox 990 2125 1205 2177; x_wconf 87' lang='lat' dir='ltr'><strong>peregrini</strong></span> <span class='ocrx_word' id='word_1_248' title='bbox 1237 2123 1367 2164; x_wconf 82' lang='lat' dir='ltr'><strong>furati</strong></span> <span class='ocrx_word' id='word_1_249' title='bbox 1389 2130 1532 2164; x_wconf 87' lang='lat' dir='ltr'><strong>essent</strong></span> <span class='ocrx_word' id='word_1_250' title='bbox 1555 2137 1715 2173; x_wconf 85' lang='lat' dir='ltr'><strong>aurum,</strong></span> 
     </span>
     <span class='ocr_line' id='line_1_29' title="bbox 173 2192 1716 2247; baseline -0.001 -13"><span class='ocrx_word' id='word_1_251' title='bbox 173 2194 274 2247; x_wconf 91' lang='lat' dir='ltr'><strong>quia</strong></span> <span class='ocrx_word' id='word_1_252' title='bbox 295 2193 439 2234; x_wconf 89' lang='lat' dir='ltr'><strong>coloni</strong></span> <span class='ocrx_word' id='word_1_253' title='bbox 461 2207 550 2233; x_wconf 92' lang='lat' dir='ltr'><strong>non</strong></span> <span class='ocrx_word' id='word_1_254' title='bbox 581 2192 763 2233; x_wconf 88' lang='lat' dir='ltr'><strong>fuissent</strong></span> <span class='ocrx_word' id='word_1_255' title='bbox 795 2192 895 2234; x_wconf 91' lang='lat' dir='ltr'><strong>ausi.</strong></span> <span class='ocrx_word' id='word_1_256' title='bbox 959 2193 1166 2234; x_wconf 90' lang='lat' dir='ltr'><strong>Reductis</strong></span> <span class='ocrx_word' id='word_1_257' title='bbox 1194 2199 1338 2233; x_wconf 88' lang='lat' dir='ltr'><strong>autem</strong></span> <span class='ocrx_word' id='word_1_258' title='bbox 1362 2193 1598 2246; x_wconf 86' lang='lat' dir='ltr'><strong>peregrinis</strong></span> <span class='ocrx_word' id='word_1_259' title='bbox 1619 2205 1716 2233; x_wconf 90' lang='lat' dir='ltr'><strong>cum</strong></span> 
     </span>
     <span class='ocr_line' id='line_1_30' title="bbox 173 2263 1716 2316; baseline -0.001 -12"><span class='ocrx_word' id='word_1_260' title='bbox 173 2278 288 2313; x_wconf 92' lang='lat' dir='ltr'><strong>auro,</strong></span> <span class='ocrx_word' id='word_1_261' title='bbox 312 2269 539 2304; x_wconf 90' lang='lat' dir='ltr'><strong>oraverunt</strong></span> <span class='ocrx_word' id='word_1_262' title='bbox 563 2277 713 2303; x_wconf 89' lang='lat' dir='ltr'><strong>omnes</strong></span> <span class='ocrx_word' id='word_1_263' title='bbox 746 2263 988 2303; x_wconf 89' lang='lat' dir='ltr'><strong>Dominum</strong></span> <span class='ocrx_word' id='word_1_264' title='bbox 1011 2270 1058 2303; x_wconf 92' lang='lat' dir='ltr'><strong>ut</strong></span> <span class='ocrx_word' id='word_1_265' title='bbox 1084 2264 1177 2316; x_wconf 89' lang='lat' dir='ltr'><strong>ipse</strong></span> <span class='ocrx_word' id='word_1_266' title='bbox 1197 2263 1438 2303; x_wconf 88' lang='lat' dir='ltr'><strong>vindicaret</strong></span> <span class='ocrx_word' id='word_1_267' title='bbox 1457 2264 1498 2302; x_wconf 88' lang='lat' dir='ltr'><strong>in</strong></span> <span class='ocrx_word' id='word_1_268' title='bbox 1521 2275 1619 2302; x_wconf 91' lang='lat' dir='ltr'><strong>eum</strong></span> <span class='ocrx_word' id='word_1_269' title='bbox 1650 2263 1716 2303; x_wconf 95' lang='lat' dir='ltr'><strong>vel</strong></span> 
     </span>
     <span class='ocr_line' id='line_1_31' title="bbox 174 2331 1915 2385; baseline 0 -12"><span class='ocrx_word' id='word_1_270' title='bbox 174 2347 249 2373; x_wconf 91' lang='lat' dir='ltr'><strong>eos</strong></span> <span class='ocrx_word' id='word_1_271' title='bbox 272 2333 388 2373; x_wconf 89' lang='lat' dir='ltr'><strong>cuius</strong></span> <span class='ocrx_word' id='word_1_272' title='bbox 410 2333 478 2372; x_wconf 90' lang='lat' dir='ltr'><strong>vel</strong></span> <span class='ocrx_word' id='word_1_273' title='bbox 508 2345 689 2384; x_wconf 90' lang='lat' dir='ltr'><strong>quorum</strong></span> <span class='ocrx_word' id='word_1_274' title='bbox 721 2331 900 2372; x_wconf 86' lang='lat' dir='ltr'><strong>consilio</strong></span> <span class='ocrx_word' id='word_1_275' title='bbox 930 2332 1096 2372; x_wconf 88' lang='lat' dir='ltr'><strong>furtum</strong></span> <span class='ocrx_word' id='word_1_276' title='bbox 1119 2332 1282 2372; x_wconf 88' lang='lat' dir='ltr'><strong>factum</strong></span> <span class='ocrx_word' id='word_1_277' title='bbox 1311 2332 1402 2372; x_wconf 86' lang='lat' dir='ltr'><strong>fuit.</strong></span> <span class='ocrx_word' id='word_1_278' title='bbox 1466 2332 1565 2385; x_wconf 77' lang='lat' dir='ltr'><strong>Quo</strong></span> <span class='ocrx_word' id='word_1_279' title='bbox 1585 2331 1715 2381; x_wconf 85' lang='lat' dir='ltr'><strong>facto,</strong></span> <span class='ocrx_word' id='word_1_280' title='bbox 1732 2343 1832 2374; x_wconf 89' lang='lat' dir='ltr'><strong>Num.</strong></span> <span class='ocrx_word' id='word_1_281' title='bbox 1849 2343 1915 2381; x_wconf 84' lang='lat' dir='ltr'><strong>xvi,</strong></span> 
     </span>
     <span class='ocr_line' id='line_1_32' title="bbox 175 2396 1782 2454; baseline -0.001 -12"><span class='ocrx_word' id='word_1_282' title='bbox 175 2409 290 2442; x_wconf 90' lang='lat' dir='ltr'><strong>terra</strong></span> <span class='ocrx_word' id='word_1_283' title='bbox 321 2402 487 2454; x_wconf 90' lang='lat' dir='ltr'><strong>aperuit</strong></span> <span class='ocrx_word' id='word_1_284' title='bbox 520 2415 569 2441; x_wconf 88' lang='lat' dir='ltr'><strong>os</strong></span> <span class='ocrx_word' id='word_1_285' title='bbox 601 2415 724 2441; x_wconf 91' lang='lat' dir='ltr'><strong>suum</strong></span> <span class='ocrx_word' id='word_1_286' title='bbox 758 2408 801 2441; x_wconf 95' lang='lat' dir='ltr'><strong>et</strong></span> <span class='ocrx_word' id='word_1_287' title='bbox 831 2401 1058 2454; x_wconf 86' lang='lat' dir='ltr'><strong>deglutivit</strong></span> <span class='ocrx_word' id='word_1_288' title='bbox 1092 2415 1177 2451; x_wconf 91' lang='lat' dir='ltr'><strong>eos,</strong></span> <span class='ocrx_word' id='word_1_289' title='bbox 1201 2401 1267 2441; x_wconf 92' lang='lat' dir='ltr'><strong>vel</strong></span> <span class='ocrx_word' id='word_1_290' title='bbox 1299 2401 1412 2441; x_wconf 76' lang='lat' dir='ltr'><strong>illos·</strong></span> <span class='ocrx_word' id='word_1_291' title='bbox 1425 2402 1534 2441; x_wconf 91' lang='lat' dir='ltr'><strong>duos</strong></span> <span class='ocrx_word' id='word_1_292' title='bbox 1557 2396 1782 2450; x_wconf 81' lang='lat' dir='ltr'><strong>malos;3⁰·</strong></span> 
     </span>
     <span class='ocr_line' id='line_1_33' title="bbox 175 2469 1718 2525; baseline -0.001 -14"><span class='ocrx_word' id='word_1_293' title='bbox 175 2484 307 2511; x_wconf 90' lang='lat' dir='ltr'><strong>unum</strong></span> <span class='ocrx_word' id='word_1_294' title='bbox 344 2484 368 2511; x_wconf 91' lang='lat' dir='ltr'><strong>a</strong></span> <span class='ocrx_word' id='word_1_295' title='bbox 404 2470 569 2510; x_wconf 84' lang='lat' dir='ltr'><strong>dextris</strong></span> <span class='ocrx_word' id='word_1_296' title='bbox 605 2469 741 2509; x_wconf 87' lang='lat' dir='ltr'><strong>fidelis</strong></span> <span class='ocrx_word' id='word_1_297' title='bbox 772 2476 815 2510; x_wconf 91' lang='lat' dir='ltr'><strong>et</strong></span> <span class='ocrx_word' id='word_1_298' title='bbox 851 2470 979 2510; x_wconf 90' lang='lat' dir='ltr'><strong>alium</strong></span> <span class='ocrx_word' id='word_1_299' title='bbox 1017 2483 1042 2509; x_wconf 95' lang='lat' dir='ltr'><strong>a</strong></span> <span class='ocrx_word' id='word_1_300' title='bbox 1073 2471 1264 2520; x_wconf 82' lang='lat' dir='ltr'><strong>sinistris,</strong></span> <span class='ocrx_word' id='word_1_301' title='bbox 1298 2471 1394 2523; x_wconf 90' lang='lat' dir='ltr'><strong>ipso</strong></span> <span class='ocrx_word' id='word_1_302' title='bbox 1414 2469 1545 2525; x_wconf 63' lang='lat' dir='ltr'><strong>&gt;illeso</strong></span> <span class='ocrx_word' id='word_1_303' title='bbox 1576 2475 1718 2510; x_wconf 89' lang='lat' dir='ltr'><strong>stante</strong></span> 
     </span>
     <span class='ocr_line' id='line_1_34' title="bbox 176 2538 1095 2592; baseline 0 -13"><span class='ocrx_word' id='word_1_304' title='bbox 176 2540 288 2580; x_wconf 89' lang='lat' dir='ltr'><strong>inter</strong></span> <span class='ocrx_word' id='word_1_305' title='bbox 309 2539 553 2591; x_wconf 88' lang='lat' dir='ltr'><strong>deglutitos.</strong></span> <span class='ocrx_word' id='word_1_306' title='bbox 617 2538 812 2591; x_wconf 89' lang='lat' dir='ltr'><strong>Explicit</strong></span> <span class='ocrx_word' id='word_1_307' title='bbox 833 2539 1095 2592; x_wconf 89' lang='lat' dir='ltr'><strong>exemplum.</strong></span> 
     </span>
    </p>

    <p class='ocr_par' dir='ltr' id='par_1_3' title="bbox 177 2606 1931 2746">
     <span class='ocr_line' id='line_1_35' title="bbox 264 2606 1833 2660; baseline 0.002 -13"><span class='ocrx_word' id='word_1_308' title='bbox 264 2607 382 2660; x_wconf 89' lang='lat'>(147)</span> <span class='ocrx_word' id='word_1_309' title='bbox 438 2607 523 2647; x_wconf 91' lang='lat' dir='ltr'><strong>Piis</strong></span> <span class='ocrx_word' id='word_1_310' title='bbox 570 2607 784 2647; x_wconf 89' lang='lat' dir='ltr'><strong>mentibus</strong></span> <span class='ocrx_word' id='word_1_311' title='bbox 826 2606 982 2648; x_wconf 85' lang='lat' dir='ltr'><strong>furtum</strong></span> <span class='ocrx_word' id='word_1_312' title='bbox 1028 2609 1169 2648; x_wconf 90' lang='lat' dir='ltr'><strong>reddit</strong></span> <span class='ocrx_word' id='word_1_313' title='bbox 1215 2608 1423 2648; x_wconf 90' lang='lat' dir='ltr'><strong>horribile</strong></span> <span class='ocrx_word' id='word_1_314' title='bbox 1468 2607 1715 2660; x_wconf 83' lang='lat' dir='ltr'><strong>exemplum</strong></span> <span class='ocrx_word' id='word_1_315' title='bbox 1731 2619 1833 2659; x_wconf 83' lang='lat' dir='ltr'><strong>Greg.</strong></span> 
     </span>
     <span class='ocr_line' id='line_1_36' title="bbox 177 2662 1931 2746; baseline -0.002 -28"><span class='ocrx_word' id='word_1_316' title='bbox 177 2678 395 2730; x_wconf 91' lang='lat' dir='ltr'><strong>quoddam</strong></span> <span class='ocrx_word' id='word_1_317' title='bbox 438 2676 640 2728; x_wconf 87' lang='lat' dir='ltr'><strong>scriptum</strong></span> <span class='ocrx_word' id='word_1_318' title='bbox 681 2677 724 2716; x_wconf 85' lang='lat' dir='ltr'><strong>in</strong></span> <span class='ocrx_word' id='word_1_319' title='bbox 765 2678 954 2717; x_wconf 88' lang='lat' dir='ltr'><strong>secundo</strong></span> <span class='ocrx_word' id='word_1_320' title='bbox 1007 2677 1313 2731; x_wconf 88' lang='lat' dir='ltr'><strong>Dyalogorum</strong></span> <span class='ocrx_word' id='word_1_321' title='bbox 1366 2678 1407 2717; x_wconf 91' lang='lat' dir='ltr'><strong>in</strong></span> <span class='ocrx_word' id='word_1_322' title='bbox 1453 2678 1531 2717; x_wconf 90' lang='lat' dir='ltr'><strong>hec</strong></span> <span class='ocrx_word' id='word_1_323' title='bbox 1576 2677 1716 2718; x_wconf 89' lang='lat' dir='ltr'><strong>verba.</strong></span> <span class='ocrx_word' id='word_1_324' title='bbox 1730 2662 1931 2746; x_wconf 41' lang='lat' dir='ltr'><strong>gfflffiffi,</strong></span> 
     </span>
    </p>
   </div>
   <div class='ocr_carea' id='block_1_3' title="bbox 179 2746 1882 2800">
    <p class='ocr_par' dir='ltr' id='par_1_4' title="bbox 179 2746 1882 2800">
     <span class='ocr_line' id='line_1_37' title="bbox 179 2746 1882 2800; baseline 0.001 -14"><span class='ocrx_word' id='word_1_325' title='bbox 179 2746 382 2799; x_wconf 76' lang='lat' dir='ltr'><strong>Quodam</strong></span> <span class='ocrx_word' id='word_1_326' title='bbox 433 2758 602 2798; x_wconf 91' lang='lat' dir='ltr'><strong>quoque</strong></span> <span class='ocrx_word' id='word_1_327' title='bbox 653 2751 849 2798; x_wconf 88' lang='lat' dir='ltr'><strong>tempore</strong></span> <span class='ocrx_word' id='word_1_328' title='bbox 900 2746 1212 2787; x_wconf 83' lang='lat' dir='ltr'><strong>Exhilaratus1</strong></span> <span class='ocrx_word' id='word_1_329' title='bbox 1253 2753 1414 2796; x_wconf 86' lang='lat' dir='ltr'><strong>noster,</strong></span> <span class='ocrx_word' id='word_1_330' title='bbox 1457 2760 1586 2799; x_wconf 88' lang='lat' dir='ltr'><strong>quem</strong></span> <span class='ocrx_word' id='word_1_331' title='bbox 1628 2748 1882 2800; x_wconf 71' lang='lat' dir='ltr'><strong>ipselxvi‚001-</strong></span> 
     </span>
    </p>
   </div>
   <div class='ocr_carea' id='block_1_4' title="bbox 177 2793 1818 2866">
    <p class='ocr_par' dir='ltr' id='par_1_5' title="bbox 177 2793 1818 2866">
     <span class='ocr_line' id='line_1_38' title="bbox 177 2793 1818 2866; baseline -0.001 -10"><span class='ocrx_word' id='word_1_332' title='bbox 177 2828 431 2856; x_wconf 90' lang='lat' dir='ltr'><strong>conversum</strong></span> <span class='ocrx_word' id='word_1_333' title='bbox 472 2815 599 2864; x_wconf 90' lang='lat' dir='ltr'><strong>nosti,</strong></span> <span class='ocrx_word' id='word_1_334' title='bbox 637 2816 911 2855; x_wconf 90' lang='lat' dir='ltr'><strong>transmissus</strong></span> <span class='ocrx_word' id='word_1_335' title='bbox 951 2830 977 2855; x_wconf 92' lang='lat' dir='ltr'><strong>a</strong></span> <span class='ocrx_word' id='word_1_336' title='bbox 1019 2815 1199 2856; x_wconf 87' lang='lat' dir='ltr'><strong>domino</strong></span> <span class='ocrx_word' id='word_1_337' title='bbox 1238 2829 1315 2856; x_wconf 92' lang='lat' dir='ltr'><strong>suo</strong></span> <span class='ocrx_word' id='word_1_338' title='bbox 1358 2815 1509 2866; x_wconf 82' lang='lat' dir='ltr'><strong>fuerat,</strong></span> <span class='ocrx_word' id='word_1_339' title='bbox 1544 2821 1589 2855; x_wconf 91' lang='lat' dir='ltr'><strong>ut</strong></span> <span class='ocrx_word' id='word_1_340' title='bbox 1632 2816 1715 2856; x_wconf 93' lang='lat' dir='ltr'><strong>Dei</strong></span> <span class='ocrx_word' id='word_1_341' title='bbox 1733 2793 1818 2835; x_wconf 86' lang='lat'><em>170)-</em></span> 
     </span>
    </p>
   </div>
   <div class='ocr_carea' id='block_1_5' title="bbox 803 2911 1093 2943">
    <p class='ocr_par' dir='ltr' id='par_1_6' title="bbox 803 2911 1093 2943">
     <span class='ocr_line' id='line_1_39' title="bbox 803 2911 1093 2943; baseline 0.003 -1"><span class='ocrx_word' id='word_1_342' title='bbox 803 2911 813 2930; x_wconf 74' lang='lat'>1</span> <span class='ocrx_word' id='word_1_343' title='bbox 827 2911 900 2942; x_wconf 81' lang='lat' dir='ltr'><strong>MS.</strong></span> <span class='ocrx_word' id='word_1_344' title='bbox 918 2912 1093 2943; x_wconf 85' lang='lat' dir='ltr'><strong>exhilatur.</strong></span> 
     </span>
    </p>
   </div>
  </div>
 </body>
</html>
