2052 3278
700 214 784 285 DE
817 242 1189 286 ADVOCATIS
1657 252 1705 292 41

175 368 312 403 rector
353 367 441 403 erat
474 361 597 401 unius
640 359 883 408 Caldecote‚
920 373 1016 400 cum
1057 372 1132 412 per
1167 358 1307 411 plures
1347 369 1483 397 annos
1525 356 1715 396 audisset

175 430 304 485 leges,
337 431 512 472 tandem
546 428 655 469 dixit
688 427 804 468 fratri
838 441 916 468 suo
952 427 1075 467 militi
1105 426 1298 467 Roberto
1320 425 1374 465 de
1397 424 1533 477 Bloy:
1565 424 1712 465 ‘Nosti

176 499 445 553 Stephanum
481 498 679 539 clericum
714 496 768 537 de
802 495 1090 539 Caldecote?’
1152 494 1238 548 Qui
1269 492 1514 547 respondit:
1547 492 1638 533 ‘Tu
1670 505 1714 532 es

175 567 256 610 ille.
320 569 455 623 Signa
485 567 669 608 frontem
701 570 822 605 tuam
855 565 1002 606 cruce.'
1089 564 1148 604 Et
1177 564 1238 604 ait
1270 562 1539 616 Stephanus:
1589 560 1713 602 ‘Non

174 638 275 678 novi
318 638 515 678 clericum
564 635 696 683 illum,
747 640 818 674 set.
860 634 1121 687 quicumque
1171 633 1240 673 ille
1289 632 1425 681 suerit,
1477 631 1562 671 duo
1605 631 1715 684 nigri

175 706 376 747 monachi
407 707 451 746 in
483 704 641 758 angulo
671 703 742 744 illo
771 702 954 743 tulerunt
984 708 1131 742 contra
1162 703 1300 754 ipsum
1333 700 1589 741 sententiam
1611 699 1711 752 [fol.

173 775 277 828 4762]
319 789 403 828 que
443 786 661 827 nunquam
702 771 857 825 poterit
897 772 1085 811 revocari
1101 769 1121 811 '.
1197 770 1256 810 Et
1296 769 1377 810 hoc
1415 769 1532 810 dicto
1567 769 1713 808 statim

175 845 399 897 expiravit.
452 842 644 896 Explicit
665 841 929 894 exemplum.

263 914 350 964 (66)
386 912 486 952 Non
507 917 570 952 est
590 910 757 951 silentio
777 909 1103 962 pretereundum
1125 908 1239 960 quod
1271 906 1424 947 nostris
1450 906 1715 960 temporibus

172 983 328 1023 accidit
366 981 409 1022 in
450 979 619 1034 Anglia‚
661 979 768 1020 sicut
806 977 948 1018 audivi
989 992 1013 1018 a
1046 976 1174 1017 fratre
1210 975 1382 1016 Thoma
1415 976 1469 1015 de
1504 975 1714 1025 Uffordia,

173 1050 304 1091 fratre
326 1038 543 1104 quondam
560 1049 727 1089 famoso
743 1047 785 1087 in
802 1045 1037 1099 Hybernia.
1100 1045 1186 1098 Qui
1208 1050 1251 1085 et
1266 1043 1441 1085 fratrem
1467 1044 1714 1096 Hugonem‚

172 1119 393 1173 quondam
415 1118 666 1173 gardianum
690 1116 1024 1165 Londoniarum‚
1048 1121 1148 1155 tunc
1172 1114 1377 1168 temporis
1406 1126 1508 1154 vero
1531 1113 1713 1154 Grante-

172 1185 308 1242 brigie
330 1188 588 1236 studentem,
610 1186 773 1226 audivit
793 1185 904 1225 hunc
926 1189 1129 1225 eventum
1153 1185 1196 1224 in
1213 1196 1412 1224 sermone
1425 1195 1502 1222 suo
1524 1181 1712 1222 recitare.

173 1256 291 1299 Sane
310 1263 400 1298 erat
419 1255 545 1310 paulo
566 1261 667 1296 ante
688 1260 860 1308 tempus
891 1254 992 1295 illud
1014 1253 1192 1307 quidam
1214 1253 1389 1293 clericus
1413 1251 1715 1305 Grantebrigie

172 1326 244 1380 qui
285 1324 398 1379 leges
431 1325 594 1366 audivit
628 1329 671 1365 et
711 1325 753 1364 in
789 1324 848 1364 eis
890 1322 1071 1363 multum
1109 1321 1296 1375 profecit,
1339 1326 1414 1370 set,
1448 1321 1557 1361 sicut
1593 1320 1714 1360 multi

171 1394 343 1446 faciunt,
363 1393 555 1449 legibus[
658 1392 701 1447 ]1
720 1392 858 1433 minus
873 1392 1062 1445 legitime
1078 1390 1289 1432 utebatur.
1333 1389 1547 1431 Credebat
1566 1395 1713 1430 autem

171 1464 246 1504 diu
266 1465 420 1512 vivere,
440 1463 516 1504 sed
548 1463 752 1515 deceptus
782 1466 858 1503 est.
920 1460 1048 1509 Nam,
1081 1474 1133 1501 ve
1165 1459 1343 1499 misero!
1378 1459 1552 1511 quando
1573 1459 1714 1498 vivere

174 1533 327 1573 melius
349 1532 495 1581 voluit,
520 1531 713 1572 molestia
743 1530 930 1584 corporis
950 1542 1184 1583 percussus,
1206 1528 1262 1568 ad
1293 1533 1489 1568 extrema
1508 1527 1714 1567 deductus

173 1607 250 1644 est.
314 1601 509 1655 Cumque
536 1600 675 1641 clerici
707 1606 851 1640 essent
882 1599 992 1639 circa
1023 1610 1132 1646 eum,
1153 1602 1200 1637 ut
1233 1597 1362 1638 moris
1384 1602 1461 1646 est,
1484 1597 1713 1649 appropin-

171 1675 333 1724 quante
367 1670 473 1711 hora
511 1669 659 1710 mortis
700 1683 784 1717 sue,
825 1668 1026 1709 clamavit
1066 1681 1169 1707 voce
1208 1678 1369 1719 magna
1406 1678 1504 1706 cum
1555 1677 1714 1718 magno

172 1741 348 1793 impetu,
371 1740 537 1780 dicens:
571 1732 848 1792 ‘Appellatel
884 1734 1159 1791 Appellate!’
1212 1735 1384 1777 Clericis
1414 1735 1485 1788 qui
1515 1733 1715 1774 astabant

174 1808 428 1850 mirantibus
470 1815 513 1849 et
549 1807 823 1862 querentibus
864 1806 967 1861 quid
1007 1806 1194 1855 haberet,
1235 1805 1438 1845 clamavit
1478 1805 1630 1844 iterum
1672 1809 1714 1844 et

172 1880 323 1920 iterum
373 1878 613 1932 impetuose
663 1877 812 1918 valde:
895 1876 1150 1929 ‘Appellate
1198 1874 1306 1915 cito!
1380 1873 1495 1927 Quid
1547 1872 1714 1913 facitis?

173 1946 453 2001 Appellate!'
535 1948 770 2000 Postquam
826 1951 974 1986 autem
1025 1945 1086 1984 ita
1127 1943 1424 1984 miserabiliter
1476 1941 1714 1990 clamasset,

171 2023 272 2058 tunc
313 2017 490 2058 demum
532 2007 645 2057 dixit
683 2030 790 2057 voce
833 2015 1055 2056 dolorosa:
1107 2013 1196 2053 ‘Al
1251 2012 1317 2052 A!
1366 2012 1493 2052 nimis
1523 2011 1713 2060 tardatis,

173 2100 274 2127 nam
312 2087 528 2128 sententia
548 2086 651 2126 data
671 2092 738 2126 est
766 2091 916 2125 contra
938 2098 1021 2126 me.
1086 2083 1183 2137 Ego
1215 2082 1474 2136 dampnatus
1495 2094 1588 2121 sum
1626 2081 1715 2120 sine

174 2156 308 2197 fine!'
372 2156 431 2196 Et
471 2162 569 2209 post
607 2155 685 2196 hec
720 2153 850 2195 verba
890 2155 1083 2208 spiritum
1119 2152 1319 2201 exalavit,
1351 2152 1712 2205 dampnacionem

172 2231 364 2266 eternam
397 2226 613 2278 recipiens,
647 2238 730 2278 que
762 2223 840 2265 sibi
871 2225 927 2265 ad
955 2224 1186 2264 utilitatem
1218 2227 1423 2269 nostram,
1451 2234 1535 2261 non
1569 2227 1713 2260 autem

173 2308 304 2344 suam,
346 2293 480 2335 fuerat
520 2294 828 2334 demonstrata.
891 2292 1142 2334 Attendant
1178 2292 1405 2344 placitores
1445 2295 1488 2330 et
1519 2290 1713 2329 advocati

172 2376 338 2403 necnon
360 2369 403 2403 et
435 2363 592 2412 ballivi,
613 2363 818 2416 quoniam
854 2362 1004 2402 infelix
1039 2367 1187 2401 contra
1219 2373 1292 2400 eos
1323 2364 1469 2400 manet
1488 2359 1711 2408 sententia,

174 2432 208 2472 si
230 2445 256 2471 a
277 2432 346 2472 via
368 2437 481 2472 recta
501 2431 821 2472 declinaverint.

265 2501 352 2551 (67)
386 2500 544 2541 Adhuc
564 2507 707 2541 autem
725 2501 780 2540 de
795 2500 1015 2541 advocatis
1035 2499 1255 2553 quoddam
1271 2498 1503 2538 admodum
1527 2495 1715 2536 notabile

173 2576 216 2610 et
257 2570 404 2610 auditu
437 2569 637 2611 horribile
673 2568 814 2610 retulit
836 2568 963 2609 michi
1002 2569 1279 2609 Normannus
1309 2566 1496 2620 quidam,
1536 2565 1590 2605 de
1630 2578 1715 2618 quo

174 2638 277 2678 satis
313 2643 450 2677 certus
484 2651 578 2677 sum
615 2644 659 2678 et
692 2638 751 2678 fui
784 2637 899 2690 quod
927 2650 1013 2677 non
1055 2637 1228 2676 referret
1268 2633 1396 2675 michi
1434 2633 1512 2674 nisi
1553 2647 1711 2674 verum.

177 2707 275 2747 Hoc
315 2712 459 2747 autem
501 2713 591 2747 erat
641 2707 753 2759 quod
810 2706 939 2747 michi
990 2705 1211 2746 referebat.
1295 2704 1400 2743 Erat
1450 2702 1493 2742 in
1542 2702 1714 2743 civitate

175 2775 441 2828 Rothomagi
503 2776 679 2828 quidam
744 2775 849 2829 [sol.
901 2775 1000 2828 47b]
1062 2774 1235 2815 clericus
1285 2772 1462 2813 nomine
1514 2773 1714 2824 magister

173 2843 413 2885 Willelmus
437 2844 578 2884 Bodin
600 2858 727 2896 quem
760 2844 897 2885 dictus
932 2844 1208 2884 Normannus
1239 2843 1299 2882 ita
1318 2842 1438 2881 novit
1460 2841 1568 2881 sieut
1598 2839 1712 2881 illum

691 2933 702 2952 1
719 2933 829 2964 Blank
852 2943 954 2974 space
978 2933 1037 2964 left
1060 2933 1108 2964 for
1131 2931 1233 2963 word.
