2052 3278
141 965 245 1006 Greg.

141 1009 240 1048 Dial.‚
259 1010 316 1048 IV,

139 1052 196 1083 liii.

360 235 376 264 1
392 224 440 265 16
787 224 978 265 LIBER
1009 224 1461 267 EXEMPLORUM

358 341 581 391 motivum,
622 342 722 394 quia
762 341 804 381 in
851 347 944 381 toto
980 341 1141 393 populo
1187 342 1399 382 residente
1439 343 1514 382 vix
1556 342 1635 382 erit
1674 355 1785 383 unus
1824 343 1895 396 qui

356 423 546 463 unquam
597 411 682 451 tale
733 410 946 463 flagicium
998 410 1283 460 commiserat,
1334 411 1470 451 immo
1516 412 1648 451 etiam
1691 412 1763 464 qui
1810 411 1897 452 tale

355 478 566 532 flagicium
599 492 788 532 unquam
823 479 1007 519 audierit
1040 478 1093 519 ab
1125 479 1269 532 aliquo
1302 479 1428 520 fuisse
1449 480 1741 529 commissum,
1764 486 1807 520 et
1837 482 1896 521 sic

355 548 606 601 exemplum
626 548 779 589 nullius
812 547 1002 588 efficacie
1033 549 1113 588 erit
1146 548 1200 587 ad
1235 549 1458 602 populum.
1524 548 1651 589 Nunc
1673 562 1776 602 ergo
1796 551 1896 602 quia

353 623 522 657 constat
561 618 673 658 hunc
721 631 919 671 peccasse
959 631 1036 671 per
1075 616 1287 658 luxuriam
1329 618 1420 658 sive
1461 623 1686 671 peccatum
1729 618 1896 659 luxurie

353 687 632 737 commisisse,
693 693 960 740 proponatur
1006 692 1145 727 totum
1201 686 1451 740 exemplum
1495 687 1550 727 de
1590 687 1780 739 quodam
1823 689 1895 741 qui

353 756 575 796 occasione
605 757 727 796 unius
767 755 986 796 ebrietatis
1028 761 1153 796 nocte
1182 756 1371 808 quadam
1406 755 1507 809 [fol.
1548 755 1652 810 9802]
1682 769 1779 796 cum
1812 770 1897 797 una

353 823 528 865 muliere
562 825 780 865 commisit
808 825 1035 874 luxuriam,
1068 830 1111 864 et
1148 825 1206 864 sic
1231 825 1339 864 sicut
1371 830 1492 877 patet
1526 824 1707 864 intuenti
1739 825 1895 865 veritas

352 893 584 934 salvabitur
605 900 647 934 et
668 894 797 935 corda
817 895 1090 935 audiencium
1122 893 1275 934 timore
1299 893 1604 935 concutientur.

440 963 558 1018 (198)
602 964 734 1005 Aliud
771 963 1023 1017 exemplum
1065 962 1251 1003 terribile
1291 963 1539 1004 deserviens
1578 962 1675 1004 huic
1718 964 1896 1004 materie

353 1040 496 1075 narrat
535 1034 650 1074 idem
692 1034 735 1074 in
787 1033 953 1083 eodem,
995 1033 1165 1074 dicens:
1221 1033 1361 1073 Adest
1402 1046 1572 1086 quoque
1623 1034 1665 1073 in
1706 1035 1895 1087 presenti

351 1104 603 1145 venerabilis
643 1102 771 1144 frater
812 1103 1068 1152 Venancius‚
1111 1103 1325 1143 Lunensis
1366 1102 1602 1156 episcopus,
1645 1103 1897 1156 magnificus

350 1173 416 1214 vir
464 1173 754 1214 nobilissimus
812 1179 942 1226 atque
992 1173 1296 1222 veracissimus,
1347 1173 1419 1225 qui
1469 1186 1514 1213 se
1554 1173 1662 1213 scire
1711 1186 1896 1226 suosque

350 1243 548 1283 homines
582 1242 819 1283 interfuisse
851 1247 1064 1282 testantur
1104 1242 1143 1282 ei
1176 1241 1234 1282 rei
1264 1255 1394 1294 quam
1430 1246 1638 1283 narrant1
1675 1256 1811 1296 nuper
1850 1242 1894 1282 in

352 1312 570 1353 Genuensi
601 1311 702 1352 urbe
732 1312 976 1364 contigisse.
1044 1311 1108 1351 Ibi
1140 1323 1340 1364 namque,
1372 1317 1419 1351 ut
1451 1311 1607 1360 dicunt,
1635 1312 1894 1352 Valentinus

349 1383 534 1432 nomine,
579 1381 914 1422 Mediolanensis
964 1380 1141 1421 ecclesie
1183 1379 1394 1429 defensor,
1436 1380 1662 1421 defunctus
1702 1386 1779 1431 est,
1833 1381 1895 1421 vir

346 1452 474 1492 valde
495 1452 675 1492 lubricus
708 1457 752 1492 et
784 1450 946 1491 cunctis
978 1449 1220 1490 levitatibus
1253 1456 1500 1503 occupatus,
1522 1451 1639 1491 cuius
1666 1464 1818 1504 corpus
1849 1451 1893 1490 in

346 1521 526 1562 ecclesia
556 1521 670 1562 beati
705 1520 888 1561 martiris
910 1519 1010 1573 Syri
1031 1519 1247 1573 sepultum
1271 1526 1344 1561 est.
1407 1519 1550 1560 Nocte
1569 1526 1716 1560 autem
1751 1520 1895 1561 media

345 1592 387 1631 in
422 1591 575 1632 eadem
605 1591 782 1632 ecclesia
815 1589 927 1631 facte
960 1596 1058 1630 sunt
1091 1603 1227 1639 voceS‚
1251 1603 1300 1630 ac
1333 1589 1366 1630 si
1400 1590 1494 1642 quis
1514 1589 1726 1630 violenter
1756 1604 1813 1630 ex
1844 1603 1895 1630 ea

345 1661 574 1714 pelleretur
614 1667 744 1714 atque
784 1661 1022 1701 traheretur
1057 1659 1180 1700 foras.
1262 1659 1334 1700 Ad
1377 1673 1482 1713 quas
1524 1659 1726 1700 nimirum
1766 1673 1894 1701 voces

343 1731 647 1772 cucurrerunt2
698 1731 896 1772 custodes
950 1735 993 1770 et
1043 1729 1241 1770 viderunt
1291 1729 1537 1770 teterrimos
1587 1730 1770 1783 spiritus,
1821 1731 1893 1783 qui

345 1800 538 1841 eiusdem
595 1800 818 1841 Valentini
860 1800 993 1853 pedes
1046 1799 1228 1853 ligatura
1268 1799 1538 1840 strinxerant
1593 1805 1636 1839 et
1687 1813 1786 1840 eum
1837 1800 1894 1840 ab

342 1868 521 1908 ecclesia
550 1868 810 1909 clamantem
850 1881 898 1907 ac
930 1866 1111 1906 nimium
1140 1865 1450 1906 vociferantem
1488 1865 1603 1906 foras
1634 1865 1892 1916 trahebant;

341 1938 412 1990 qui
443 1937 640 1978 videlicet
671 1937 864 1977 exterriti
887 1936 941 1976 ad
964 1949 1041 1976 sua
1062 1941 1199 1975 strata
1230 1936 1387 1975 reversi
1409 1941 1520 1976 sunt.
1589 1935 1724 1976 Mane
1744 1940 1890 1976 autem

343 2007 456 2048 facto
495 2008 737 2060 aperientes
777 2006 1018 2059 sepulcrum
1062 2005 1105 2044 in
1146 2017 1231 2057 quo
1272 2005 1387 2044 idem
1430 2004 1686 2045 Valentinus
1727 2004 1892 2058 positus

341 2076 487 2126 fuerat,
508 2077 599 2117 eius
616 2090 768 2129 corpus
789 2088 876 2116 non
898 2075 1166 2124 invenerunt,
1181 2079 1248 2114 set
1271 2074 1312 2113 in
1336 2073 1530 2126 sepulcro
1553 2074 1637 2114 alio
1653 2074 1667 2097 3
1688 2075 1890 2126 positum,

341 2146 481 2200 ligatis
531 2147 670 2187 adhuc
714 2144 894 2197 pedibus
944 2144 1054 2184 sicut
1103 2144 1158 2184 de
1208 2143 1386 2183 ecclesia
1428 2143 1563 2184 fuerat
1611 2143 1888 2186 abstractum.

341 2215 533 2270 Explicit
586 2213 1125 2269 exemplum.—-Quamvis
1167 2213 1330 2253 cunctis
1375 2212 1620 2253 levitatibus
1660 2220 1892 2266 occupatus

339 2286 469 2326 miser
489 2286 571 2325 iste
602 2284 740 2334 fuerit,
762 2285 862 2337 quia
884 2290 1029 2324 tamen
1064 2282 1258 2331 lubricus,
1281 2282 1362 2322 hoc
1386 2289 1453 2323 est
1486 2282 1740 2331 luxuriosus,
1764 2282 1891 2323 fuisse

337 2355 544 2404 scribitur,
581 2353 738 2394 idcirco
773 2354 827 2393 de
859 2353 1048 2406 quodam
1082 2351 1298 2392 luxurioso
1319 2356 1459 2391 totum
1483 2351 1734 2405 exemplum
1767 2352 1888 2393 salva

337 2425 517 2464 veritate
538 2423 721 2477 proponi
744 2422 914 2476 poterit,
930 2427 973 2461 et
990 2420 1172 2474 populus
1189 2421 1367 2461 audiens
1383 2420 1610 2462 salubriter
1627 2420 1889 2464 formidabit.

425 2493 543 2547 (199)
598 2491 697 2533 Hoc
737 2497 882 2532 autern
924 2491 1066 2531 adhuc
1106 2490 1277 2530 silentio
1323 2490 1573 2543 degendum
1617 2491 1747 2530 michi
1799 2504 1886 2531 non

334 2563 506 2604 videtur
526 2562 642 2616 quod
664 2561 852 2602 narravit
884 2559 1013 2600 michi
1048 2565 1091 2599 et
1113 2558 1303 2612 pluribus
1337 2559 1536 2600 fratribus
1560 2558 1740 2599 Dublini
1761 2572 1888 2613 super

335 2634 415 2674 hac
462 2632 644 2673 materia
691 2630 820 2671 frater
853 2629 1084 2670 Nicholaus
1131 2628 1185 2668 de
1216 2628 1503 2669 Wesefordia.
1570 2628 1736 2670 Retulit
1769 2629 1883 2670 enim

334 2703 451 2756 quod
475 2702 603 2743 miser
624 2700 799 2754 quidam
821 2700 877 2740 de
896 2712 983 2752 quo
1004 2699 1296 2751 supradictum
1326 2704 1391 2739 est
1419 2699 1462 2738 in
1486 2699 1625 2752 prima
1647 2705 1778 2752 parte,
1811 2699 1886 2752 qui

331 2785 521 2814 sororem
555 2785 677 2812 suam
712 2769 855 2811 multis
888 2768 1155 2822 temporibus
1178 2768 1402 2809 fornicarie
1422 2769 1571 2818 tenuit,
1593 2768 1714 2822 gravi
1733 2769 1885 2809 morbo

332 2855 565 2896 percussus,
607 2841 662 2881 ad
710 2846 957 2880 extremum
1008 2838 1216 2879 deductus
1269 2843 1344 2888 est,
1386 2844 1439 2888 et,
1483 2839 1626 2878 iacens
1677 2844 1884 2890 tanquam

578 2932 588 2951 1
602 2932 676 2963 MS.
695 2937 819 2963 narrat.
953 2929 965 2949 2
977 2930 1051 2961 MS.
1071 2934 1298 2961 cucurrerent.
1469 2929 1544 2959 MS.
1563 2928 1632 2960 illo.
