2052 3278
295 268 349 308 42
722 259 914 300 LIBER
948 260 1400 305 EXEMPLORUM

295 386 421 425 quern
460 374 579 426 quasi
614 376 771 415 cotidie
805 377 848 416 in
880 376 993 417 dicta
1023 378 1196 419 civitate
1226 379 1343 420 vidit.
1407 379 1658 420 Advocatus
1689 384 1834 419 autem

295 448 398 491 erat,
451 449 494 483 et
542 444 841 485 consistorium
894 447 1007 486 curie
1057 446 1200 488 fratris
1250 448 1436 501 Rigaldi‚
1477 454 1578 488 tunc
1627 447 1836 500 temporis

295 512 620 567 Archiepiscopi
663 514 1037 569 Rothomagensis,
1079 516 1389 570 frequentabat.
1473 517 1588 559 Sane
1630 517 1672 556 in
1713 516 1836 557 factis

294 582 380 620 suis
401 594 487 622 non
518 583 746 625 incedebat
779 591 898 626 recto
930 586 1113 635 tramite,
1135 588 1243 628 sicut
1267 601 1345 628 nec
1378 587 1501 628 multi
1534 586 1696 626 faciunt
1727 585 1836 626 illius

294 650 471 691 scientie
521 652 809 704 professores;
861 659 928 694 set
977 669 1076 696 ecce
1123 656 1293 709 qualem
1346 655 1476 696 finem
1517 655 1689 695 sortitus
1731 662 1834 696 erat.

294 718 433 769 Certe,
455 720 524 760 die
543 723 743 774 quadam,
766 736 861 764 cum
898 730 1153 777 proponeret
1182 726 1242 765 ire
1272 726 1511 778 spaciatum
1542 724 1653 764 circa
1682 723 1835 765 horam

293 789 476 841 primam
516 804 645 844 supra
685 798 862 845 pontem
912 792 1362 848 Rothomag[ensem],
1414 795 1589 835 vidente
1641 794 1835 835 maxima

294 859 567 900 multitudine
596 861 783 902 virorum
818 869 862 903 et
899 863 1122 905 mulierum
1144 864 1217 917 qui
1240 865 1281 904 in
1302 864 1399 904 vico
1429 870 1471 904 et
1506 864 1548 903 in
1580 862 1763 904 navibus
1793 869 1838 904 et

293 942 420 982 supra
460 934 638 982 pontem
681 931 868 972 eundem
909 938 1043 982 erant,
1080 933 1270 974 elevatus
1311 933 1391 975 fuit
1431 947 1456 973 a
1495 932 1752 973 demonibus
1793 934 1835 972 in

292 998 427 1039 altum
450 1005 493 1039 et
515 1005 708 1052 portatus
738 1000 779 1040 in
801 1014 900 1042 aere
921 1001 1031 1042 ultra
1052 1015 1208 1055 aquam
1233 1002 1400 1044 Secane
1420 1016 1503 1056 que
1525 1002 1688 1043 ibidem
1710 1002 1838 1042 valde

293 1067 590 1121 amplitudinis
630 1077 706 1112 est.
793 1071 992 1113 Portatus
1033 1075 1165 1113 etiam
1208 1073 1290 1114 fuit
1334 1087 1443 1114 mox
1483 1072 1592 1113 ultra
1633 1085 1837 1126 magnam

291 1137 509 1178 abbatiam
547 1139 680 1180 Beate
704 1140 843 1181 Marie
874 1142 917 1181 in
950 1143 1097 1195 pratis,
1120 1156 1205 1196 que
1231 1142 1290 1183 ibi
1322 1150 1387 1183 est
1418 1150 1462 1183 et
1494 1142 1633 1183 taliter
1651 1146 1837 1190 vocatur,

291 1207 453 1248 scilicet
475 1208 612 1248 Beata
637 1209 776 1250 Maria
811 1211 865 1250 de
887 1213 1033 1263 pratis.
1099 1212 1158 1252 Et
1190 1212 1370 1252 tandem
1401 1212 1604 1252 dimissus
1637 1212 1837 1252 deorsum

291 1289 316 1316 a
350 1277 619 1327 demonibus,
641 1279 811 1319 collisus
842 1285 886 1319 et
907 1281 962 1320 ad
994 1287 1153 1321 terram
1183 1280 1423 1322 confractus
1455 1286 1498 1321 et
1529 1286 1839 1334 conquassatus

291 1345 382 1395 fuit,
403 1352 445 1386 et
467 1353 662 1388 mortuus
685 1349 981 1389 miserabiliter
1002 1350 1247 1390 mercedem
1266 1351 1422 1403 reperit
1437 1364 1570 1403 quam
1590 1349 1836 1404 promeruit.

294 1415 487 1468 Explicit
507 1416 772 1469 exemplum.

76 1498 154 1530 Gul.
379 1485 470 1537 (68)
496 1484 655 1526 Adhuc
672 1491 819 1526 autem
839 1486 953 1527 valet
971 1488 1026 1528 ad
1041 1487 1167 1528 huius
1190 1489 1356 1541 peccati
1378 1488 1716 1529 detestacionem
1735 1487 1843 1528 mira

77 1542 223 1618 ggffiffiia
236 1585 277 1616 de
291 1568 401 1607 pena
434 1567 518 1607 qua
551 1555 767 1596 Dominus
803 1556 911 1597 solet
938 1558 1090 1610 punire
1120 1558 1366 1599 advocatos.
1431 1557 1620 1598 Cuidam
1652 1570 1843 1610 namque

76 1630 195 1662 Viciis.
292 1624 491 1664 morienti
513 1625 605 1665 visa
627 1630 692 1665 est
711 1624 855 1679 lingua
876 1639 952 1667 sua
982 1627 1109 1667 cicius
1141 1640 1254 1676 aura,
1286 1628 1352 1668 i.e.
1376 1633 1505 1667 vento
1527 1627 1698 1677 moveri,
1719 1627 1841 1679 quasi

292 1692 464 1735 dicens:
511 1693 679 1734 ‘Velox
693 1694 821 1735 suiad
837 1695 1159 1748 peccandum'.1
1209 1696 1307 1736 Hoc
1322 1697 1443 1736 estin
1461 1709 1630 1736 summa
1645 1696 1844 1736 deviciis.

76 1774 159 1807 Ibid.
380 1763 468 1817 (69)
507 1763 764 1817 Insipienter
785 1766 910 1805 valde
943 1766 1083 1806 solent
1113 1779 1242 1819 agere
1273 1766 1374 1806 mali
1405 1765 1608 1806 advocati
1629 1766 1671 1806 in
1705 1771 1842 1806 morte

289 1832 465 1885 quando
505 1833 705 1886 precipue
745 1836 954 1888 sapientia
1003 1849 1111 1888 opus
1153 1841 1226 1876 est.
1312 1835 1440 1877 Unde
1489 1835 1679 1889 quidam,
1731 1834 1841 1875 sicut

286 1902 484 1943 scribitur
515 1903 557 1942 in
588 1916 758 1944 summa
794 1904 848 1944 de
878 1905 1007 1954 viciis,
1037 1918 1136 1945 cum
1168 1904 1375 1945 offeretur
1406 1906 1444 1946 ei
1482 1904 1764 1945 eukaristiam
1796 1905 1839 1944 in

287 1973 497 2012 extremis
532 1971 615 2014 ait:
650 1973 899 2014 ‘Iudicetur
930 1975 1046 2028 prius
1080 1980 1225 2015 utrum
1256 1981 1422 2015 rectum
1453 1975 1509 2015 sit
1547 1981 1594 2015 ut
1629 1974 1837 2027 accipiam

288 2054 343 2080 an
364 2054 450 2081 non
467 2041 484 2082 ’.
547 2041 627 2083 Cui
668 2055 765 2083 cum
807 2043 1000 2084 dicerent
1039 2044 1386 2084 circumstantes:
1435 2043 1555 2084 ‘Nos
1596 2050 1760 2084 rectum
1798 2050 1841 2084 et

292 2111 453 2151 iustum
475 2111 757 2153 iudicamus':
789 2113 872 2153 ait:
907 2113 1035 2153 ‘Non
1058 2121 1123 2154 est
1155 2114 1236 2154 hoc
1265 2114 1429 2154 iustum
1454 2113 1671 2154 iudicium.
1737 2113 1840 2153 Non

288 2180 404 2220 enim
425 2181 551 2221 cum2
585 2181 676 2221 sitis
715 2182 820 2223 mihi
854 2196 977 2236 pares
1012 2182 1181 2223 habetis
1213 2197 1284 2223 me
1306 2183 1466 2224 malum
1490 2184 1602 2223 iuste
1624 2180 1841 2224 iudicare.’

291 2249 455 2290 Verum
489 2249 592 2303 [fol.
626 2251 729 2305 4852]
766 2252 889 2300 dixit,
924 2253 1023 2305 quia
1061 2253 1183 2293 Deus
1214 2253 1354 2306 ipsum
1389 2252 1443 2292 ad
1477 2252 1839 2305 dampnacionem

289 2331 410 2359 suam
431 2319 586 2360 habuit
606 2320 802 2363 iudicare.
865 2321 1002 2363 Vides
1024 2322 1058 2362 si
1079 2322 1268 2362 attendis
1290 2322 1420 2363 verba
1444 2322 1598 2371 miseri,
1620 2322 1842 2375 quomodo

290 2389 420 2430 verba
462 2390 676 2442 pervertit,
711 2403 799 2431 non
841 2405 995 2431 curans
1031 2391 1085 2431 de
1119 2391 1215 2432 cibo
1251 2391 1423 2431 salutari
1466 2404 1592 2444 quem
1635 2391 1842 2432 debuerat

290 2458 540 2499 avidissime
561 2460 800 2513 postulasse
814 2474 822 2510 ;
855 2467 899 2501 et
930 2460 1011 2501 hoc
1034 2461 1180 2514 utique
1202 2461 1281 2501 fuit
1305 2461 1407 2514 quia
1430 2475 1478 2502 os
1500 2461 1606 2502 illud
1628 2474 1716 2501 non
1748 2466 1840 2501 erat

290 2528 469 2581 dignum
504 2528 623 2569 illum
659 2529 802 2570 cibum
842 2530 1118 2571 benedictum
1156 2530 1486 2584 deglutire—os,
1525 2532 1714 2584 inquam,
1737 2529 1842 2570 illud

291 2599 405 2651 quod
428 2599 656 2639 veritatem
680 2600 721 2639 in
744 2599 975 2641 falsitatem
998 2607 1241 2654 pervertere
1255 2607 1548 2643 consueverat.

84 2678 170 2710 Ibid.
382 2671 469 2719 (70)
503 2668 631 2709 Alter
662 2683 758 2709 cum
790 2671 832 2709 in
863 2670 1071 2710 extremis
1103 2677 1352 2711 moveretur
1380 2671 1434 2711 ad
1468 2671 1841 2723 susceptacionem

291 2738 526 2779 eukaristie
548 2740 676 2792 peciit
698 2739 960 2780 dilacionem
979 2755 986 2779 :
1018 2753 1149 2792 quam
1171 2753 1268 2780 cum
1290 2740 1456 2780 nollent
1478 2741 1606 2780 amici
1627 2741 1717 2780 eius
1738 2739 1845 2779 dare

292 2814 471 2861 propter
492 2815 680 2849 mortem
702 2822 834 2862 quam
855 2809 1062 2850 videbant
1085 2810 1127 2849 in
1152 2810 1238 2860 illo,
1261 2810 1498 2864 appellavit
1520 2811 1576 2850 de
1604 2808 1841 2858 manifesto

292 2878 559 2930 gravamine.

605 2974 616 2993 1
631 2975 706 3006 MS.
724 2975 941 3015 precandum.
1075 2974 1088 2993 ²²
1101 2975 1167 3006 We
1185 2974 1307 3006 should
1324 2980 1443 3016 expect
1458 2984 1536 3006 non.
