2052 3278
755 209 839 274 DE
874 232 1138 276 ACCIDIA
1663 236 1715 281 37

180 364 258 391 nos
280 350 499 391 tendimus
520 350 617 390 illuc
639 355 684 390 ut
705 350 893 389 animam
918 349 1008 389 eius
1038 348 1260 389 nobiscum
1282 345 1525 386 auferamus
1538 345 1557 386 ’.
1618 344 1717 397 Quo

177 419 326 461 audito
355 419 698 473 archiepiscopus
729 419 940 458 adiuravit
971 431 1070 458 eum
1102 423 1148 458 ut
1178 416 1334 456 rediret
1360 429 1435 469 per
1455 415 1598 471 ipsum
1621 413 1715 466 (εἰς)

177 493 222 528 et
252 489 473 529 nunciaret
502 489 540 528 ei
571 487 674 541 quid
704 487 907 541 egissent.
973 488 1074 527 Hoc
1105 486 1219 526 facto
1250 484 1454 538 evigilans
1475 483 1717 536 sollempni-

177 562 312 598 tatem
353 558 598 598 inchoatam
638 557 966 598 consummavit.
1028 556 1130 596 Post
1166 555 1385 596 modicum
1422 566 1523 594 vero
1562 552 1716 593 iterato

179 624 353 666 missam
387 626 518 667 modo
548 630 790 665 memorato
819 623 1051 674 celebrans,
1073 637 1257 677 sompno
1287 628 1334 663 ut
1365 624 1479 676 prius
1505 621 1715 674 arripitur,

175 699 220 733 et
247 694 365 735 videt
397 693 715 734 multitudinem
747 692 979 734 demonum
1015 692 1278 746 prefatorum
1311 691 1563 732 redeuntem
1594 691 1715 731 iuxta

176 776 221 802 se
256 763 446 814 transire,
484 762 601 803 videt
635 768 678 802 et
714 762 830 802 illum
867 775 996 815 quem
1030 761 1242 814 alloqutus
1276 759 1414 801 fuerat
1445 766 1487 801 et
1518 760 1620 801 dicit
1652 761 1715 800 ei:

177 830 318 884 ‘Quid
342 830 554 872 fecistis?'
615 831 700 884 Qui
732 830 978 884 respondit:
1010 830 1072 870 ‘F
1075 830 1240 871 raudati
1272 843 1418 870 sumus
1449 843 1526 884 spe
1556 835 1714 870 nostra.

179 899 294 942 Nam
316 915 413 941 cum
435 902 578 941 omnia
600 900 715 942 bona
735 913 812 940 sua
832 906 981 940 contra
1002 899 1118 940 mala
1138 899 1487 952 ponderarentur,
1505 899 1619 939 mala
1639 912 1715 939 sua

176 971 611 1023 preponderaverunt‚
642 969 755 1010 unde
785 975 828 1010 et
858 968 1001 1010 statim
1033 968 1246 1009 voluimus
1276 981 1374 1008 eum
1405 967 1576 1009 habere.
1639 966 1716 1008 Set

176 1040 304 1086 venit,
346 1038 494 1093 inquit,
526 1037 596 1079 ille
627 1038 857 1092 deca-[fol.
896 1038 1177 1092 44b]-pitatus
1208 1043 1252 1078 et
1288 1035 1478 1090 portavit
1510 1049 1713 1089 magnam

178 1107 496 1149 multitudinem
517 1107 708 1162 lapidum
730 1113 774 1148 et
794 1108 939 1161 posuit
970 1108 1012 1147 in
1045 1113 1205 1148 statera
1234 1119 1330 1147 cum
1355 1105 1477 1146 bonis
1498 1106 1594 1146 suis.
1658 1105 1717 1145 Et

174 1176 366 1217 fecerunt
387 1177 498 1218 bona
519 1191 594 1218 sua
616 1178 740 1218 malis
762 1177 1065 1231 contrapositis
1086 1176 1418 1230 preponderare,
1449 1181 1492 1216 et
1522 1176 1580 1216 ita
1612 1176 1720 1216 eruit

174 1259 272 1286 eum
295 1246 350 1286 de
373 1246 571 1286 manibus
592 1245 770 1288 nostris.’
831 1246 930 1299 Quo
957 1246 1104 1286 audito
1134 1244 1354 1298 evigilavit
1374 1243 1718 1297 archiepiscopus

174 1321 217 1355 et
256 1314 474 1355 intellexit
508 1316 625 1368 quod
668 1321 860 1355 mortuus
901 1321 1014 1355 esset
1056 1315 1290 1368 imperator
1324 1319 1367 1354 et
1402 1314 1566 1354 meritis
1602 1311 1717 1353 beati

179 1384 322 1425 Iacobi
345 1383 526 1424 salutem
548 1390 743 1425 eternam
772 1390 1045 1425 consecutus:
1080 1383 1194 1437 quod
1216 1389 1258 1424 et
1280 1382 1440 1423 factum
1462 1387 1536 1425 est.
1598 1382 1715 1423 Nam

175 1453 394 1506 inquisivit
425 1454 771 1507 archiepiscopus
792 1459 835 1494 et
855 1454 1034 1507 agnovit
1054 1452 1172 1506 quod
1195 1452 1349 1493 eadem
1370 1451 1477 1492 hora
1500 1451 1554 1492 de
1574 1464 1716 1505 ergas-

173 1521 266 1562 tulo
286 1523 473 1576 corporis
495 1523 674 1564 eductus
696 1528 770 1563 est.

360 1811 538 1866 [PARS
576 1812 634 1854 ΙΙ.
670 1811 755 1852 DE
789 1811 995 1854 REBUS
1032 1811 1512 1865 INFERIORIBUS]

263 1925 464 1967 Secunda
486 1939 595 1979 pars«,
617 1932 664 1966 ut
685 1926 977 1980 supradictum
1002 1932 1078 1972 est,
1102 1925 1158 1966 de
1183 1926 1308 1966 rebus
1332 1926 1485 1966 dicitur
1509 1925 1714 1966 inferiori-

173 1995 262 2044 bus,
286 1995 446 2036 scilicet
467 1995 521 2036 de
540 1995 658 2036 viciis
678 2001 721 2036 et
743 1996 970 2037 virtutibus
990 2009 1086 2036 cum
1110 1997 1194 2036 suis
1225 2009 1399 2050 quoque
1430 1995 1714 2049 pertinenciis,

171 2070 216 2104 et
232 2065 468 2105 secundum
490 2064 685 2105 ordinem
702 2065 919 2119 alphabeti
938 2079 1012 2118 per
1032 2064 1218 2106 rubricas
1244 2068 1256 2115 [
1375 2063 1415 2115 ]1
1432 2064 1713 2118 distinguitur

787 2179 874 2232 [De
893 2179 1089 2233 accidia]

263 2270 349 2320 (61)
385 2269 455 2310 De
474 2270 635 2311 accidia
655 2271 875 2324 quomodo
894 2271 1161 2325 extinguitur
1180 2271 1362 2312 habetur
1381 2272 1630 2325 exemplum
1654 2270 1708 2311 de
1720 2282 1813 2320 V.P.,
1832 2282 1874 2320 V,

174 2338 303 2379 beato
341 2338 537 2379 Antonio
567 2340 621 2379 de
650 2353 738 2392 quo
768 2342 826 2381 sic
858 2341 1012 2394 legitur
1041 2341 1083 2380 in
1115 2341 1241 2382 Vitas
1273 2340 1463 2382 Patrum.
1523 2326 1810 2410 Sanctusgigigrf
1832 2325 1876 2367 (1³⁴

177 2407 396 2447 Antonius
417 2421 514 2448 cum
536 2409 706 2449 sederet
727 2408 958 2461 aliquando
989 2410 1030 2449 in
1062 2409 1237 2449 heremo
1267 2415 1502 2462 temptatus
1524 2409 1635 2449 dixit
1656 2409 1709 2449 ad

177 2477 344 2517 Deum:
379 2475 600 2525 ‘Domina
628 2477 727 2517 volo
752 2478 895 2518 salvus
919 2492 1012 2518 esse
1036 2484 1079 2518 et
1104 2491 1190 2518 non
1215 2479 1471 2531 permittunt
1499 2492 1568 2519 me
1595 2479 1708 2530 cogi-

175 2547 365 2586 taciones
387 2559 497 2586 mee.
561 2545 677 2599 Quid
700 2546 811 2587 facio
832 2548 874 2587 in
895 2546 976 2587 hac
997 2547 1303 2588 tribulacione?
1335 2548 1554 2600 quomodo
1569 2547 1709 2587 salvus

177 2614 303 2656 ero?'
366 2615 425 2655 Et
460 2613 541 2655 hoc
583 2615 729 2656 dicens
767 2629 960 2668 egressus
1000 2623 1066 2657 est
1105 2617 1217 2657 foras
1252 2623 1295 2658 et
1330 2617 1438 2657 vidit
1479 2617 1706 2670 quendam,

174 2689 383 2737 tanquam
417 2684 620 2736 seipsum,
644 2684 865 2725 sedentem
886 2690 1013 2738 atque
1040 2691 1290 2738 operantem
1311 2701 1320 2737 ;
1351 2685 1506 2726 deinde
1536 2698 1708 2737 surgen-

175 2759 263 2793 tem
297 2753 350 2792 ab
384 2765 513 2806 opere
545 2759 587 2792 et
620 2759 826 2803 orantem,
862 2760 906 2795 et
937 2755 1089 2794 iterum
1122 2755 1340 2795 sedentem
1372 2761 1414 2795 et
1446 2761 1707 2807 operantem.

177 2822 283 2862 Erat
316 2827 459 2862 autem
497 2821 673 2875 angelus
710 2823 887 2864 Domini
925 2825 1076 2864 missus
1109 2825 1163 2865 ad
1200 2826 1510 2865 correccionem
1545 2825 1632 2865 eius
1666 2831 1708 2865 et

727 2920 738 2940 1
755 2922 863 2962 Space
878 2922 938 2953 left
954 2923 1003 2954 sor
1019 2932 1039 2954 a
1054 2923 1155 2955 word.
