2052 3278
491 199 764 270 CONTRAv
783 228 1223 278 LABORANTES,
1258 228 1389 270 ETC.
1654 231 1705 281 83

255 344 376 398 (137)
408 344 566 385 Adhuc
597 349 744 384 autem
774 345 830 384 ad
858 345 1211 398 suggillacionem
1244 343 1514 397 quorundam
1546 351 1859 400 exequ-Turpssn.

164 418 307 454 torum
343 415 524 454 occurrit
557 425 688 452 unum
725 413 975 466 exemplum
1017 414 1223 463 notabile,
1265 413 1381 466 quod
1423 414 1630 466 reperitur
1661 414 1703 453 in
1719 394 1856 469 {{X,}}³

163 483 293 534 gestis
336 482 477 524 Caroli
517 482 625 535 regis
674 481 942 522 Francorum
984 489 1028 522 et
1062 483 1331 536 imperatoris
1374 482 1674 523 Romanorum
1692 497 1701 532 3
1721 482 1851 522 Magni.

166 551 281 603 quod
312 551 441 591 etiam
478 551 521 590 in
555 549 732 602 antiquo
765 549 954 602 quodam
988 564 1187 591 sermone
1219 551 1418 604 reperiet
1449 550 1553 590 alias
1574 551 1705 591 etiam

165 619 386 659 audieram
401 619 599 659 enarrari.
647 617 915 670 Exemplum
939 624 1082 659 autem
1100 619 1181 660 hoc
1202 626 1280 662 est.
1329 620 1466 660 Erant
1488 619 1707 672 quondam

166 687 250 728 duo
286 688 443 728 milites
478 686 740 741 stipendiarii
772 699 868 726 cum
908 687 1062 728 Carolo
1093 701 1193 740 rege
1225 689 1418 729 Francie.
1500 689 1579 728 Hii
1610 702 1706 729 cum

166 763 310 796 essent
331 757 374 797 in
394 756 585 797 exercitu
611 755 738 807 regis,
761 756 945 808 contigit
974 770 1106 797 unum
1139 757 1311 797 illorum
1342 758 1545 798 infirmari
1574 772 1707 811 usque

161 826 217 865 ad
250 833 448 867 mortem.
509 825 675 866 Videns
708 831 852 865 autem
885 839 930 865 se
960 826 1015 865 ad
1041 832 1241 866 extrema
1272 827 1569 880 propinquare,
1593 828 1707 868 dixit

164 896 282 936 socio
312 910 407 936 suo:
447 896 723 944 ‘Karissime‚
755 908 836 948 ego
866 895 1037 935 confido
1067 896 1121 936 de
1157 895 1259 949 [fol.
1294 896 1393 949 765]
1425 904 1479 938 te.
1548 897 1705 937 Habeo

163 977 318 1017 equum
341 971 385 1005 et
415 977 579 1018 pannos
602 976 721 1004 meos
753 970 795 1004 et
824 977 946 1004 arma
967 977 1076 1005 mea.
1141 964 1340 1017 Accipias
1362 979 1412 1004 ea
1433 972 1475 1005 et
1497 966 1707 1006 distrahas

161 1041 204 1075 et
236 1035 460 1088 expendas
492 1047 570 1087 pro
597 1034 741 1074 anima
773 1034 893 1074 mea'
968 1034 1226 1075 Infirmitate
1256 1035 1386 1089 igitur
1418 1035 1707 1077 invalescente

157 1104 378 1156 appositus
411 1109 476 1143 est
507 1102 562 1142 ad
598 1109 738 1155 patres
771 1116 882 1143 suos.
945 1102 1044 1155 Quo
1067 1110 1236 1144 mortuo
1257 1105 1395 1144 socius
1417 1104 1518 1154 eius,
1540 1105 1704 1145 habens

156 1185 223 1212 res
238 1171 348 1212 illius
369 1177 642 1221 memorataS,
665 1184 786 1211 arma
806 1179 849 1212 et
879 1177 1020 1212 vestes
1040 1186 1120 1226 pro
1150 1174 1293 1213 anima
1315 1187 1389 1213 sua
1411 1173 1679 1227 dispensavit
1697 1191 1704 1215 :

158 1254 315 1293 equum
351 1246 495 1282 autern
521 1242 631 1294 fquia
667 1241 803 1282 bonus
835 1247 927 1282 erat
968 1242 1048 1283 sibi
1090 1242 1272 1284 retinuit.
1349 1243 1454 1283 Post
1485 1242 1574 1283 viii⁰
1611 1243 1703 1284 dies

156 1310 356 1364 apparuit
394 1311 431 1350 ei
478 1311 613 1350 socius
659 1311 747 1350 eius
788 1310 873 1351 iam
915 1318 1118 1352 mortuus
1201 1311 1344 1365 Quem
1385 1326 1482 1352 cum
1525 1312 1700 1363 videret,

156 1379 338 1432 quesivit
370 1380 590 1433 quomodo
622 1393 667 1419 se
700 1379 887 1420 haberet.
950 1379 1035 1433 Qui
1070 1381 1290 1433 respondit
1323 1381 1495 1422 dicens:
1537 1383 1701 1423 ‘Modo

155 1448 264 1489 bene
303 1455 368 1489 est
403 1449 518 1490 mihi.
582 1448 658 1489 Set
704 1448 911 1489 hactenus
949 1449 1055 1489 mihi
1093 1450 1203 1490 male
1238 1450 1329 1490 fuit.
1393 1450 1519 1490 Nunc
1555 1457 1699 1491 autem

153 1516 356 1559 liberatus
387 1531 481 1558 sum
515 1531 540 1558 a
573 1531 693 1571 pena,
715 1524 758 1558 et
779 1518 894 1571 prius
927 1518 1102 1559 fuissem
1138 1519 1218 1559 nisi
1252 1533 1277 1559 a
1299 1524 1343 1559 te
1369 1519 1544 1560 fuissem
1570 1520 1697 1573 (sz'c>.1

155 1586 202 1628 Si
221 1586 338 1627 enim
374 1600 439 1627 res
473 1599 590 1627 meas
625 1600 730 1639 quas
763 1593 904 1629 tecum
940 1588 1083 1628 dimisi
1119 1587 1406 1629 distribuisses
1441 1589 1697 1642 pauperibus

156 1657 226 1708 qui
248 1669 324 1708 pro
347 1668 416 1695 me
436 1661 639 1705 orassent,
660 1668 746 1695 non
777 1655 1072 1697 sustinuissem
1104 1660 1269 1696 tantam
1297 1670 1470 1709 penam.
1534 1658 1697 1711 Quam-

154 1725 303 1765 obrem
327 1731 373 1765 tu
385 1738 479 1765 cras
501 1725 615 1765 mala
633 1717 769 1764 morte
788 1725 1002 1767 morieris.’
1055 1725 1185 1778 Quod
1201 1731 1245 1766 et
1267 1726 1426 1766 factum
1448 1732 1525 1767 est.
1579 1726 1695 1767 Nam

151 1793 222 1835 die
262 1794 449 1834 crastina
487 1793 605 1833 venit
645 1794 756 1833 circa
790 1806 887 1833 eum
928 1794 1161 1834 multitudo
1198 1793 1432 1834 demonum
1469 1795 1513 1834 in
1554 1797 1698 1848 specie

150 1876 382 1911 corvorum,
397 1869 440 1903 et
461 1862 730 1903 elevaverunt
742 1875 838 1903 eum
857 1863 899 1902 in
914 1862 1046 1903 altum
1068 1862 1207 1912 valde,
1221 1869 1264 1903 et
1279 1870 1430 1916 postea
1446 1864 1697 1904 dimiserunt

154 1945 263 1973 eum.
317 1930 402 1984 Qui
424 1931 579 1972 cecidit
601 1945 728 1984 supra
748 1945 896 1985 rupem
919 1932 1137 1985 quandam
1160 1932 1388 1986 asperam,2
1410 1939 1453 1973 et
1472 1933 1698 1974 confractis

155 2006 198 2041 et
215 2001 508 2054 conquassatis
530 2000 733 2041 membris
754 2007 798 2041 et
820 2001 1054 2042 cervicibus
1077 2002 1237 2054 recepit
1252 2002 1367 2055 quod
1389 2016 1447 2042 ex
1471 2002 1696 2056 iniquitate

153 2077 196 2111 et
227 2070 478 2111 infidelitate
498 2085 574 2111 sua
593 2077 897 2124 promeruerat.
962 2071 1158 2125 Explicit
1178 2073 1440 2126 exemplum.

512 2188 691 2240 (Contra
711 2189 951 2230 laborantes
972 2190 1118 2230 diebus
1132 2190 1340 2242 festivis.)

235 2281 356 2334 (138)
388 2280 531 2333 Quam
571 2281 625 2321 sit
665 2280 946 2334 periculosum
988 2281 1079 2321 dies
1120 2281 1250 2323 festos
1292 2282 1491 2335 operibus
1530 2283 1687 2325 violare
1701 2299 1845 2340 G.E.,1‚

147 2349 365 2390 servilibus
415 2355 626 2390 testantur
667 2350 869 2403 exempla
909 2352 952 2391 in
992 2350 1102 2391 libro
1137 2352 1294 2404 scripta
1325 2356 1368 2392 et
1404 2359 1574 2404 reperta
1614 2354 1684 2406 qui
1699 2343 1808 2429 ῙΙῙέΖξΡ·

148 2418 300 2459 dicitur
335 2418 519 2459 Gemma
550 2418 849 2460 Sacerdotalis.
912 2420 1104 2460 Primum
1141 2425 1287 2461 autem
1322 2426 1388 2461 est
1410 2421 1495 2462 hoc
1530 2421 1573 2461 in
1607 2423 1684 2463 hec

145 2488 277 2528 verba
297 2489 515 2541 scriptum.
580 2487 847 2541 Exemplum
868 2489 923 2529 de
945 2488 1134 2529 Radulfo
1155 2490 1210 2530 de
1231 2490 1268 2529 F
1272 2490 1424 2530 aentiis
1438 2491 1452 2514 3
1473 2492 1685 2533 avunculo

145 2557 291 2609 regine
313 2556 506 2605 Alienor,
527 2557 598 2609 qui
630 2563 778 2597 contra
808 2558 1118 2599 dissuasionem
1149 2560 1262 2612 regis
1296 2559 1475 2600 Henrici
1507 2561 1681 2602 secundi

145 2626 187 2666 in
212 2625 372 2678 Anglia
393 2625 505 2677 apud
522 2624 809 2666 Wodestokes
830 2640 1058 2680 parasceue
1073 2633 1175 2668 ante
1197 2628 1372 2677 Pascha,
1393 2628 1463 2668 die
1482 2629 1680 2670 videlicet

143 2708 229 2748 quo
270 2694 484 2734 Dominus
523 2707 602 2747 pro
641 2701 787 2735 nostra
827 2696 961 2736 salute
1010 2696 1142 2737 crucis
1184 2697 1420 2750 patibulum
1472 2698 1677 2748 ascendit,

143 2762 366 2803 venacioni
406 2761 624 2815 indulgere
659 2764 932 2817 presumpsit.
1008 2764 1086 2806 Set
1120 2766 1266 2806 statim
1301 2766 1411 2806 ulcio
1442 2765 1540 2818 [sol.
1574 2768 1679 2823 7705]

541 2862 551 2881 ¹
563 2862 690 2904 Supply
709 2862 867 2904 deceptus
882 2875 918 2896 or
934 2865 1121 2896 retardatus
1134 2865 1187 2907 (ἓ).

538 2905 550 2926 2
563 2906 636 2937 MS.
655 2916 836 2947 aspersam.
969 2909 982 2927 ³
996 2909 1070 2940 MS.
1090 2909 1272 2940 Facentiis.
