2052 3278
564 189 649 229 DE
685 189 956 233 INI'URIIS
992 188 1345 233 ECCLESIAE
1667 192 1722 247 69

186 304 357 346 effectui
382 305 637 357 mancipatis
657 305 694 344 ei
715 306 824 346 sicut
845 305 1042 356 debebat,
1059 311 1229 359 gratum
1252 306 1439 346 existere
1457 320 1466 355 ;
1500 320 1626 359 super
1641 307 1722 347 hoc

186 378 332 414 autem
361 373 540 428 negocio
572 372 640 412 vel
675 373 761 412 alio
786 376 937 427 quovis
970 375 1083 428 quod
1121 375 1174 415 ad
1209 375 1352 414 anime
1386 387 1460 414 sue
1490 375 1723 427 periculum

187 448 350 495 vergat,
390 457 469 483 nec
500 457 525 483 a
558 442 656 482 Deo
688 455 769 483 nec
799 443 855 484 ab
885 445 982 497 ipso
1017 450 1159 497 grates
1191 444 1462 485 habiturum*
1527 444 1726 498 Explicit

186 510 657 565 exemplum.———Quam
689 509 835 551 felices
868 519 1012 552 essent
1046 513 1257 566 principes
1292 513 1426 552 nostri
1459 513 1668 567 temporis
1691 514 1725 553 si

184 594 286 634 erga
309 587 491 621 matrem
514 593 633 620 suam
655 586 850 620 sanctam
872 581 1095 623 ecclesiam
1119 583 1161 622 in
1187 582 1276 622 cele
1297 583 1470 636 campio
1494 583 1613 633 (sic)1
1648 597 1724 623 ex-

184 649 374 702 emplum
397 650 662 689 imitarentur
680 649 791 688 cauti
812 647 932 701 regis.

273 719 311 772 (Ι
326 719 394 771 17)
427 717 568 771 Quam
591 717 805 757 horrenda
826 731 928 758 vero
947 718 1138 759 vindicta
1154 725 1356 772 sequatur
1372 720 1724 774 impungnatores

183 788 363 828 ecclesie
385 787 629 840 exemplum
651 787 771 827 triste
793 787 935 827 videre
956 794 1182 841 potuerunt
1204 789 1275 841 qui
1298 795 1398 829 tunc
1420 789 1596 829 Dublini
1615 790 1723 830 fuer-

185 862 270 898 unt.
334 856 570 909 Siquidem,
593 861 768 895 tenente
789 855 969 896 domino
993 855 1139 896 Alano
1171 857 1226 897 de
1261 856 1302 897 la
1337 857 1534 898 Schuche
1567 858 1723 899 iustici-

184 926 317 966 ariam
362 925 580 974 Hibernie,
621 938 716 965 cum
759 924 908 965 fratres
944 926 1080 965 nostri
1124 925 1309 975 Dublini‚
1343 939 1410 966 me
1446 934 1649 980 presente
1681 934 1724 968 et

184 995 421 1042 consilium,
444 994 548 1034 heu!
583 993 800 1046 prebente,
832 993 1073 1034 induissent
1106 994 1249 1034 David
1281 995 1336 1034 de
1368 994 1514 1048 Burgo
1546 995 1723 1036 fratrem

185 1063 349 1104 domini
370 1063 552 1104 Walteri
573 1075 684 1103 nunc
707 1064 878 1103 comitis
903 1062 1091 1113 Ultonie,
1125 1070 1335 1104 venerunt
1368 1064 1525 1104 milites
1562 1066 1650 1105 eius
1683 1070 1726 1105 et

183 1132 383 1185 armigeri
406 1136 449 1171 et
470 1131 688 1181 satellites,
709 1138 752 1172 et
772 1130 1022 1185 frangentes
1045 1132 1235 1172 medium
1252 1132 1533 1173 intersticium
1549 1133 1726 1174 ecclesie

181 1207 228 1241 et
251 1201 508 1241 violenciam
531 1200 748 1240 crudelem
771 1213 848 1253 per
869 1206 1006 1240 totam
1030 1200 1206 1241 domum
1231 1200 1451 1251 facientes,
1475 1201 1616 1255 ipsum
1634 1203 1724 1243 vio-

184 1269 317 1310 lenter
332 1268 623 1318 extrahentes,
640 1268 791 1309 habitu
805 1269 1096 1322 spoliaverunt
1111 1276 1154 1310 et
1170 1270 1226 1310 ad
1245 1270 1432 1311 seculum
1449 1271 1725 1319 reduxerunt,

183 1345 228 1379 et
252 1340 387 1380 timeo
419 1339 534 1392 quod
567 1338 623 1378 ad
655 1339 894 1392 dampnum
929 1340 1073 1379 anime
1109 1352 1196 1382 sue.
1276 1340 1403 1388 Nam,
1439 1354 1537 1381 cum
1574 1348 1727 1394 postea

181 1421 362 1449 uxorem
385 1408 589 1457 duxisset,
612 1408 731 1460 quasi
754 1407 895 1448 subito
926 1406 1111 1448 sublatus
1142 1415 1207 1449 est
1228 1409 1282 1449 de
1305 1410 1478 1450 medio.2
1551 1410 1624 1452 Ob
1644 1409 1726 1451 hoc

184 1483 332 1518 tamen
354 1477 436 1517 hoc
458 1490 547 1517 non
569 1475 716 1525 refero,
742 1483 806 1517 set
827 1483 1001 1529 propter
1020 1476 1103 1517 hoc
1124 1478 1238 1530 quod
1274 1478 1455 1519 Dublini
1490 1480 1645 1520 accidit
1681 1481 1725 1519 in

183 1546 257 1587 die
277 1545 532 1586 induicionis
555 1550 598 1586 et
620 1545 921 1586 abstractionis
943 1559 1027 1586 sue.
1090 1545 1326 1599 Siquidem,
1348 1560 1444 1587 cum
1466 1549 1654 1589 Venisset
1670 1549 1724 1589 ad

185 1614 410 1655 ecclesiam
433 1620 639 1664 nostram,
663 1616 704 1655 in
727 1615 811 1655 fine
832 1616 960 1655 misse
980 1616 1411 1656 commemoracionis
1433 1618 1571 1657 sancti
1595 1617 1725 1667 Pauli,

183 1683 347 1724 familia
369 1684 440 1724 illa
462 1684 709 1732 furibunda,
723 1691 766 1725 et
789 1684 1013 1724 ecclesiam
1037 1684 1213 1725 interius
1235 1685 1484 1738 frangerent
1500 1692 1544 1726 et
1565 1686 1725 1727 violen-

183 1754 294 1793 ciam
317 1753 640 1806 dampnabilem
672 1753 828 1807 ubique
861 1754 1066 1802 facerent,
1098 1754 1273 1807 quidam
1308 1754 1493 1795 ribaldus
1525 1754 1649 1796 fortis
1671 1757 1726 1796 de

185 1823 318 1863 domo
342 1824 475 1863 sancti
494 1823 664 1863 Thome
684 1824 755 1876 qui
773 1829 952 1864 venerat
973 1836 1069 1864 cum
1092 1824 1163 1872 eis,
1181 1824 1280 1877 quia
1297 1824 1354 1865 ibi
1375 1831 1465 1865 erat
1484 1824 1725 1878 hospicium

184 1891 348 1932 domini
370 1892 564 1942 Walteri,
586 1899 817 1946 postquam
846 1893 1003 1933 multos
1037 1892 1215 1933 insultus
1233 1894 1247 1917 3
1280 1894 1321 1933 in
1359 1894 1500 1934 hostia
1525 1895 1728 1935 interiora

184 1960 361 2001 ecclesie
393 1961 563 2011 fecerat,
585 1969 628 2002 et
662 1969 869 2015 tanquam
906 1962 1151 2004 furibundus
1184 1969 1331 2016 egerat
1358 1963 1609 2003 violenciam
1649 1977 1727 2016 pro

184 2043 309 2083 posse
330 2045 416 2080 suo,
440 2045 644 2084 egressus,
666 2033 773 2072 sicut
798 2032 929 2072 homo
963 2032 1204 2085 crapulatus
1242 2046 1267 2072 a
1298 2033 1400 2072 vino
1433 2032 1571 2085 capud
1604 2045 1726 2072 suum

183 2099 292 2140 ferre
314 2112 401 2140 non
424 2102 646 2150 sustinens,
667 2101 831 2142 habens
858 2115 981 2142 muro
1015 2115 1160 2142 versus
1194 2114 1352 2141 novam
1386 2106 1556 2154 portam
1593 2107 1636 2141 et
1668 2103 1726 2142 sic

185 2169 451 2222 pedetentim
475 2171 754 2224 progrediens
776 2177 818 2211 et
839 2172 892 2210 ad
912 2171 1042 2211 finem
1065 2170 1154 2210 fere
1176 2171 1284 2211 muri
1302 2170 1565 2223 perveniens,
1585 2170 1727 2211 subito

182 2239 339 2279 cecidit
361 2244 403 2279 et
426 2240 675 2293 exspiravit,
702 2240 804 2294 [sol.
829 2240 933 2294 67a]
960 2241 1208 2281 videntibus
1231 2240 1375 2280 multis
1397 2244 1487 2279 tam
1513 2240 1726 2281 nobilibus

183 2321 314 2359 quam
338 2308 612 2361 popularibus
635 2310 880 2362 utriusque4
913 2324 1042 2350 sexus
1066 2316 1156 2349 tarn
1179 2309 1235 2349 de
1260 2308 1544 2349 residentibus
1567 2310 1608 2348 in
1631 2310 1726 2350 vico

184 2390 314 2428 quam
350 2377 403 2417 de
437 2378 774 2418 adventantibus
807 2377 987 2418 diversis
1016 2377 1312 2418 occasionibus
1343 2378 1398 2418 ad
1430 2378 1569 2418 locum
1593 2378 1725 2419 illum.

187 2444 385 2497 Cumque
407 2445 595 2497 sepultus
628 2452 741 2486 esset
774 2447 816 2486 in
848 2447 1069 2494 cimiterio,
1101 2461 1158 2486 ex
1191 2447 1399 2487 mandato
1436 2446 1725 2487 archidiaconi

183 2519 398 2554 extractus
433 2520 509 2562 est,
540 2520 582 2554 et
612 2520 820 2568 tanquam
852 2517 968 2555 canis
998 2516 1039 2555 in
1073 2516 1259 2568 quadam
1285 2515 1398 2555 fossa
1418 2520 1543 2555 extra
1577 2516 1724 2557 villam

185 2582 374 2636 sepultus
406 2588 482 2623 est.

273 2651 396 2703 (118)
429 2651 531 2691 Non
553 2657 618 2692 est
638 2657 781 2692 autem
804 2653 944 2693 minus
978 2653 1241 2693 horrendum
1276 2652 1526 2705 exemplum
1561 2652 1615 2693 de
1648 2654 1724 2694 do-

184 2721 305 2760 mino
329 2720 524 2761 Roberto
546 2721 599 2760 de
621 2720 856 2762 Staffordia
889 2721 1024 2761 milite
1057 2722 1111 2762 de
1147 2722 1383 2762 Mamonia.
1449 2720 1535 2774 Qui
1568 2723 1722 2764 eodem

473 2829 483 2848 ¹
498 2830 648 2870 Perhaps
668 2833 674 2846 ‘
690 2830 723 2860 in
740 2831 927 2862 certamine
944 2837 1014 2862 tarn
1032 2831 1088 2871 pio
1102 2832 1120 2862 '.
1254 2830 1352 2861 2MS.
1370 2841 1433 2862 me.

473 2873 485 2892 3
500 2873 572 2904 MS.
599 2873 775 2905 insulutus.
1254 2874 1266 2892 4
1282 2875 1356 2905 MS·
1382 2874 1478 2915 Utiq3·
