2052 3278
528 242 613 282 DE
645 241 836 283 LUDIS
872 239 1298 283 INORDINATIS
1602 249 1682 291 109

149 356 319 398 Fratres
360 357 554 398 volentes
583 356 818 410 aliquando
853 357 997 397 venire
1028 357 1081 397 ad
1113 355 1317 396 abbatem
1350 354 1597 395 Antonium
1630 353 1683 393 de
1697 357 1793 394 V.P.‚
1813 358 1854 396 V,

144 424 239 466 loco
277 426 428 479 Scythi
458 427 639 479 ingressi
674 432 773 466 sunt
808 439 965 466 navem
1003 431 1048 466 ut
1082 426 1278 465 venirent
1308 424 1364 464 ad
1396 437 1517 473 eum3
1550 428 1592 463 et
1624 423 1684 461 in-
1699 400 1853 482 ἕὲζῗᾶἰν,
1874 454 1887 474 1

146 503 354 536 venerunt
388 497 430 536 in
464 497 556 548 ipsa
588 495 688 535 navi
720 494 936 547 quendam
973 508 1121 534 senem
1155 495 1227 546 qui
1263 494 1316 533 ad
1349 493 1591 533 Antonium
1627 493 1686 531 ire
1702 486 1743 528 (Ρ-
1762 488 1848 529 567)-

145 563 327 605 volebat.
392 563 657 617 Ignorabant
688 569 832 603 autem
866 576 963 603 eum
997 563 1171 611 fratres;
1205 569 1249 603 et
1279 561 1480 602 sedentes
1513 562 1554 601 in
1586 562 1687 600 navi

146 633 430 686 loquebantur
461 646 682 674 sermones
715 638 899 685 patrum,
935 638 978 672 et
1008 631 1063 672 de
1094 633 1324 685 scripturis,
1360 637 1402 671 et
1435 643 1598 671 rursum
1632 630 1688 670 de

146 716 277 755 opere
298 715 502 743 manuum
522 715 706 742 suarum.
771 700 846 740 Ille
877 707 1022 741 autem
1055 714 1191 741 senex
1223 714 1298 753 per
1330 701 1477 740 omnia
1504 699 1686 740 tacebat.

146 769 254 811 Cum
297 778 441 812 autem
477 770 530 811 ad
572 769 772 824 portum1
813 769 1076 822 [venissent],
1117 775 1413 822 cognoverunt
1453 775 1496 809 et
1536 782 1683 808 senem

144 839 354 893 proficisci
387 841 441 881 ad
465 840 669 881 abbatem
693 839 949 880 Antonium.
1011 839 1300 879 Venientibus
1326 852 1429 879 vero
1449 839 1503 878 ad
1536 852 1683 878 senem

143 910 247 950 dicit
269 909 403 951 abbas
428 909 670 951 Antonius:
705 908 899 948 ‘Bonum
931 909 1185 948 comitatum
1220 909 1380 947 itineris
1412 909 1571 947 itineris
1596 907 1684 960 (sic)

145 979 365 1019 invenistis
406 980 518 1019 senis
559 977 681 1018 huius
695 975 733 1018 ’.2
794 977 921 1017 Dixit
962 983 1109 1017 autem
1152 978 1267 1018 seni:
1321 977 1494 1016 ‘Bonos
1538 975 1686 1016 fratres

146 1047 347 1088 invenisti
383 1054 537 1098 tecum,
570 1046 683 1087 abba
696 1046 715 1087 ’.
777 1045 896 1087 Dicit
927 1047 965 1086 ei
996 1059 1154 1087 senex:
1190 1046 1328 1086 ‘Boni
1363 1051 1462 1086 sunt
1498 1046 1685 1098 quidem,

145 1117 220 1156 sed
266 1115 483 1157 habitacio
529 1129 676 1156 eorum
724 1129 813 1155 non
858 1114 991 1156 habet
1036 1116 1217 1156 ianuam.
1287 1115 1556 1168 Quicumque
1600 1113 1689 1154 vult

144 1185 275 1225 intrat
306 1186 350 1225 in
383 1184 595 1226 stabulum
630 1191 674 1225 et
703 1184 833 1225 solvit
864 1183 1072 1236 asynum.'
1136 1184 1235 1224 Hoc
1270 1190 1413 1224 autem
1446 1184 1559 1224 dixit
1588 1185 1687 1236 quia

144 1254 446 1307 quodcumque
477 1254 539 1295 eis
573 1254 863 1295 ascendebat3
892 1255 950 1304 [in
984 1254 1088 1307 cor],
1123 1254 1165 1294 in
1198 1267 1271 1294 ore
1304 1253 1615 1306 loquebantur4
1645 1258 1686 1292 et

144 1328 294 1363 tamen
331 1324 387 1363 de
419 1323 556 1365 bonis.

636 1452 704 1492 De
734 1451 851 1492 ludis
882 1451 1196 1492 z'nordinandz's.

231 1543 354 1597 (191)
387 1543 620 1596 Quoddam
636 1542 651 1566 ⁵
672 1541 873 1591 notabile,
892 1541 1038 1582 valens
1056 1542 1109 1581 ad
1128 1542 1469 1582 detestacionem
1489 1542 1684 1582 ludorum

144 1613 438 1661 mundialium,
459 1612 575 1665 quod
605 1611 746 1652 retulit
773 1610 903 1651 michi
931 1611 1063 1651 frater
1091 1610 1434 1660 Bartholomeus,
1456 1612 1511 1651 de
1535 1612 1687 1652 ordine

144 1681 469 1734 predicatorum,
498 1682 560 1721 vir
590 1686 759 1721 sanctus
771 1684 837 1720 ‘'et
869 1680 954 1720 fide
983 1681 1148 1733 dignus,
1180 1679 1311 1720 frater
1339 1681 1483 1732 utique
1513 1681 1687 1733 antique

144 1749 357 1804 religionis
382 1756 426 1790 et
447 1751 490 1790 in
513 1749 656 1790 multis
692 1750 881 1803 negociis
911 1749 1072 1789 ordinis
1103 1748 1395 1802 approbatus,6
1426 1749 1481 1789 de
1510 1749 1685 1790 silencio

146 1820 475 1873 pretereundum
510 1832 598 1859 non
634 1825 709 1860 est.
773 1819 964 1872 Quidam
996 1819 1196 1859 sacerdos
1230 1819 1387 1859 nostris
1420 1819 1685 1872 temporibus

144 1895 238 1929 erat
259 1889 300 1929 in
320 1888 493 1942 Anglia,
515 1887 690 1941 pulcher
710 1887 993 1937 bachillarius,
1017 1886 1138 1928 fortis
1160 1893 1202 1928 et
1222 1888 1457 1929 admodum
1481 1888 1685 1928 iocundus

145 1964 189 1998 et
223 1957 471 2010 gaudiosus.
536 1956 651 1997 Huic
691 1956 907 1997 sacerdoti
948 1957 1173 1997 iocundum
1217 1963 1312 1997 erat
1351 1963 1394 1997 et
1432 1957 1686 1997 delectabile

146 2027 278 2067 luctas
311 2028 456 2068 videre
492 2033 534 2068 et
570 2026 772 2076 choreas3
809 2026 923 2066 unde
957 2032 1000 2066 et
1036 2027 1078 2066 in
1110 2025 1254 2079 vigilia
1282 2026 1376 2066 festi
1412 2026 1588 2066 ecclesie
1620 2027 1687 2067 cui

146 2096 369 2146 serviebat,
391 2096 568 2149 singulis
597 2097 732 2146 annis,
756 2096 930 2148 quando
960 2095 1120 2136 festum
1152 2094 1442 2144 concurrebat,
1465 2096 1691 2136 consuevit

145 2166 284 2205 dicere
305 2167 561 2206 matutinum
591 2179 713 2206 suum
747 2166 789 2205 in
820 2164 1034 2217 principio
1064 2165 1205 2204 noctis
1238 2177 1335 2204 cum
1366 2163 1689 2217 sollempnitate

144 2240 359 2283 consueta,
395 2235 505 2274 sicut
542 2234 672 2274 moris
709 2239 784 2281 est,
821 2239 865 2273 et
899 2239 1050 2286 postea
1087 2233 1205 2272 exire
1239 2233 1294 2272 ad
1327 2232 1562 2273 videndum
1595 2238 1685 2273 tam

143 2301 278 2342 luctas
302 2316 430 2355 quam
453 2303 628 2343 choreas
650 2316 735 2355 que
757 2301 853 2342 ille⁷
874 2315 931 2342 ex
953 2315 1075 2341 more
1095 2302 1150 2341 de
1177 2307 1305 2341 nocte
1335 2300 1506 2342 fiebant.
1569 2301 1686 2354 Qua-

145 2371 246 2413 dam
284 2377 429 2411 autem
461 2372 561 2420 vice,
598 2371 641 2411 in
672 2371 818 2423 vigilia
851 2370 949 2410 festi
980 2370 1055 2419 sui,
1091 2371 1241 2410 exiens
1274 2383 1394 2410 more
1426 2376 1684 2419 memorato,

144 2441 262 2480 venit
293 2441 347 2480 ad
381 2439 549 2490 luctam,
580 2446 625 2480 et
655 2453 765 2489 ecce,
800 2440 915 2492 quod
947 2439 1063 2480 dictu
1093 2438 1297 2479 horribile
1327 2445 1404 2486 est,
1437 2438 1546 2478 vidit
1577 2439 1685 2479 duos

143 2509 350 2549 demones
373 2510 613 2549 teterrimos
645 2510 844 2549 sedentes
867 2522 993 2562 super
1024 2508 1130 2548 duos
1153 2509 1324 2549 iuvenes
1347 2509 1388 2547 in
1413 2508 1556 2548 medio
1577 2508 1686 2548 circa

142 2577 300 2617 luctam
322 2591 444 2617 suam
468 2583 709 2631 occupatos,
733 2578 804 2630 qui
827 2584 871 2617 et
894 2577 1088 2618 membra
1120 2590 1265 2617 eorum
1297 2582 1600 2617 converterunt
1631 2578 1683 2617 ad

143 2645 290 2686 omnia
331 2660 414 2699 que
448 2646 492 2686 in
530 2647 643 2687 lucta
678 2660 753 2687 sua
789 2646 993 2688 fecerunt.
1075 2646 1173 2698 [fol.
1211 2646 1310 2700 94b]
1345 2645 1488 2686 Movit
1524 2644 1684 2686 demon

144 2728 284 2756 sessor
314 2717 436 2756 unius
467 2715 685 2756 brachium
718 2717 816 2764 eius,
847 2722 890 2756 et
920 2716 1152 2756 secundum
1185 2721 1348 2755 motum
1380 2715 1467 2754 eius
1500 2714 1686 2766 pulsavit

228 2841 240 2859 1
251 2840 327 2871 MS.
346 2845 488 2880 portam.
588 2839 600 2859 2
611 2840 723 2880 Lege:
752 2843 759 2856 ‘
774 2839 909 2870 Bonum
925 2839 1080 2870 comitem
1099 2839 1223 2870 itineris
1240 2838 1417 2869 invenistis
1432 2847 1548 2869 senem
1565 2837 1682 2869 hunc'.

229 2884 241 2903 3
254 2883 327 2914 MS.
346 2882 585 2915 ascendebant.
718 2882 731 2901 4
746 2883 821 2914 MS.
840 2883 1048 2923 loquebatur.
1181 2883 1192 2901 ⁵
1204 2883 1279 2913 MS.
1299 2881 1449 2923 quidam.

228 2923 241 2944 ὅ
257 2927 331 2958 MS.
352 2926 556 2967 approbatis.
719 2921 731 2941 7
743 2926 835 2957 Corr.
853 2925 925 2956 illic
938 2927 954 2956 ?
