<?xml version="1.0" encoding="UTF-8"?>
<!DOCTYPE html PUBLIC "-//W3C//DTD XHTML 1.0 Transitional//EN"
    "http://www.w3.org/TR/xhtml1/DTD/xhtml1-transitional.dtd">
<html xmlns="http://www.w3.org/1999/xhtml" xml:lang="en" lang="en">
 <head>
  <title>
</title>
<meta http-equiv="Content-Type" content="text/html;charset=utf-8" />
  <meta name='ocr-system' content='tesseract 3.04.00' />
  <meta name='ocr-capabilities' content='ocr_page ocr_carea ocr_par ocr_line ocrx_word'/>
</head>
<body>
  <div class='ocr_page' id='page_1' title='image "./liberexemploruma00litt_0065.png"; bbox 0 0 2052 3278; ppageno 0'>
   <div class='ocr_carea' id='block_1_1' title="bbox 595 206 1700 275">
    <p class='ocr_par' dir='ltr' id='par_1_1' title="bbox 595 206 1700 275">
     <span class='ocr_line' id='line_1_1' title="bbox 595 206 1700 275; baseline -0.001 -11"><span class='ocrx_word' id='word_1_1' title='bbox 595 225 680 264; x_wconf 86' lang='lat' dir='ltr'>DE</span> <span class='ocrx_word' id='word_1_2' title='bbox 714 206 1066 266; x_wconf 66' lang='lat' dir='ltr'>MIRAcuLis</span> <span class='ocrx_word' id='word_1_3' title='bbox 1091 224 1266 275; x_wconf 66' lang='lat' dir='ltr'>EVM.</span> <span class='ocrx_word' id='word_1_4' title='bbox 1649 233 1700 273; x_wconf 89' lang='lat'>27</span> 
     </span>
    </p>
   </div>
   <div class='ocr_carea' id='block_1_2' title="bbox 137 338 1705 2880">
    <p class='ocr_par' dir='ltr' id='par_1_2' title="bbox 137 338 1705 2880">
     <span class='ocr_line' id='line_1_2' title="bbox 162 338 1703 394; baseline -0.003 -13"><span class='ocrx_word' id='word_1_5' title='bbox 162 341 371 383; x_wconf 86' lang='lat' dir='ltr'>confiteri.</span> <span class='ocrx_word' id='word_1_6' title='bbox 435 340 534 394; x_wconf 75' lang='lat' dir='ltr'>Quo</span> <span class='ocrx_word' id='word_1_7' title='bbox 555 346 740 393; x_wconf 89' lang='lat' dir='ltr'>peracto,</span> <span class='ocrx_word' id='word_1_8' title='bbox 774 339 886 380; x_wconf 80' lang='lat' dir='ltr'>dixit</span> <span class='ocrx_word' id='word_1_9' title='bbox 912 340 950 380; x_wconf 92' lang='lat' dir='ltr'>ei</span> <span class='ocrx_word' id='word_1_10' title='bbox 972 341 1105 381; x_wconf 86' lang='lat' dir='ltr'>frater</span> <span class='ocrx_word' id='word_1_11' title='bbox 1135 339 1213 388; x_wconf 90' lang='lat' dir='ltr'>ille,</span> <span class='ocrx_word' id='word_1_12' title='bbox 1237 338 1366 379; x_wconf 90' lang='lat' dir='ltr'>frater</span> <span class='ocrx_word' id='word_1_13' title='bbox 1386 339 1535 390; x_wconf 87' lang='lat' dir='ltr'>utique</span> <span class='ocrx_word' id='word_1_14' title='bbox 1555 344 1703 377; x_wconf 89' lang='lat' dir='ltr'>noster</span> 
     </span>
     <span class='ocr_line' id='line_1_3' title="bbox 166 407 1703 462; baseline -0.004 -12"><span class='ocrx_word' id='word_1_15' title='bbox 166 415 332 462; x_wconf 90' lang='lat' dir='ltr'>postea,</span> <span class='ocrx_word' id='word_1_16' title='bbox 376 409 479 462; x_wconf 85' lang='lat' dir='ltr'><em>[fol.</em></span> <span class='ocrx_word' id='word_1_17' title='bbox 526 409 625 461; x_wconf 78' lang='lat' dir='ltr'>38a]</span> <span class='ocrx_word' id='word_1_18' title='bbox 663 414 763 449; x_wconf 89' lang='lat' dir='ltr'>tunc</span> <span class='ocrx_word' id='word_1_19' title='bbox 800 415 947 449; x_wconf 90' lang='lat' dir='ltr'>tamen</span> <span class='ocrx_word' id='word_1_20' title='bbox 988 409 1208 462; x_wconf 86' lang='lat' dir='ltr'>religiosus</span> <span class='ocrx_word' id='word_1_21' title='bbox 1247 408 1420 448; x_wconf 89' lang='lat' dir='ltr'>alterius</span> <span class='ocrx_word' id='word_1_22' title='bbox 1457 407 1703 459; x_wconf 83' lang='lat' dir='ltr'>religionis:</span> 
     </span>
     <span class='ocr_line' id='line_1_4' title="bbox 165 469 1703 531; baseline -0.003 -13"><span class='ocrx_word' id='word_1_23' title='bbox 165 480 178 496; x_wconf 78' lang='lat'>‘</span> <span class='ocrx_word' id='word_1_24' title='bbox 204 477 336 531; x_wconf 74' lang='lat' dir='ltr'>Quid,</span> <span class='ocrx_word' id='word_1_25' title='bbox 368 477 527 531; x_wconf 89' lang='lat' dir='ltr'>inquid,</span> <span class='ocrx_word' id='word_1_26' title='bbox 560 477 696 517; x_wconf 90' lang='lat' dir='ltr'>movit</span> <span class='ocrx_word' id='word_1_27' title='bbox 728 483 771 516; x_wconf 91' lang='lat' dir='ltr'>te</span> <span class='ocrx_word' id='word_1_28' title='bbox 803 483 849 516; x_wconf 93' lang='lat' dir='ltr'>ut</span> <span class='ocrx_word' id='word_1_29' title='bbox 880 477 1013 516; x_wconf 85' lang='lat' dir='ltr'>modo</span> <span class='ocrx_word' id='word_1_30' title='bbox 1043 477 1210 517; x_wconf 89' lang='lat' dir='ltr'>venires</span> <span class='ocrx_word' id='word_1_31' title='bbox 1241 476 1296 515; x_wconf 90' lang='lat' dir='ltr'>ad</span> <span class='ocrx_word' id='word_1_32' title='bbox 1327 469 1703 515; x_wconf 43' lang='lat' dir='ltr'>confessionem?</span> 
     </span>
     <span class='ocr_line' id='line_1_5' title="bbox 166 543 1705 600; baseline -0.001 -15"><span class='ocrx_word' id='word_1_33' title='bbox 166 546 253 599; x_wconf 78' lang='lat' dir='ltr'>Qui</span> <span class='ocrx_word' id='word_1_34' title='bbox 276 547 524 600; x_wconf 78' lang='lat' dir='ltr'>respondit:</span> <span class='ocrx_word' id='word_1_35' title='bbox 560 548 568 565; x_wconf 89' lang='lat'>‘</span> <span class='ocrx_word' id='word_1_36' title='bbox 591 546 683 585; x_wconf 89' lang='lat' dir='ltr'>Iam</span> <span class='ocrx_word' id='word_1_37' title='bbox 703 545 830 585; x_wconf 89' lang='lat' dir='ltr'>tercia</span> <span class='ocrx_word' id='word_1_38' title='bbox 851 551 977 585; x_wconf 90' lang='lat' dir='ltr'>nocte</span> <span class='ocrx_word' id='word_1_39' title='bbox 999 551 1214 586; x_wconf 89' lang='lat' dir='ltr'>transacta</span> <span class='ocrx_word' id='word_1_40' title='bbox 1233 546 1350 585; x_wconf 91' lang='lat' dir='ltr'>venit</span> <span class='ocrx_word' id='word_1_41' title='bbox 1371 544 1426 584; x_wconf 87' lang='lat' dir='ltr'>ad</span> <span class='ocrx_word' id='word_1_42' title='bbox 1450 557 1520 584; x_wconf 88' lang='lat' dir='ltr'>me</span> <span class='ocrx_word' id='word_1_43' title='bbox 1552 543 1705 584; x_wconf 87' lang='lat' dir='ltr'>mulier</span> 
     </span>
     <span class='ocr_line' id='line_1_6' title="bbox 164 613 1702 668; baseline -0.003 -12"><span class='ocrx_word' id='word_1_44' title='bbox 164 616 450 668; x_wconf 89' lang='lat' dir='ltr'>pulcherrima</span> <span class='ocrx_word' id='word_1_45' title='bbox 487 622 530 656; x_wconf 91' lang='lat' dir='ltr'>et</span> <span class='ocrx_word' id='word_1_46' title='bbox 568 615 682 655; x_wconf 83' lang='lat' dir='ltr'>dixit</span> <span class='ocrx_word' id='word_1_47' title='bbox 717 614 851 664; x_wconf 21' lang='lat' dir='ltr'>mihist:</span> <span class='ocrx_word' id='word_1_48' title='bbox 901 614 1054 667; x_wconf 80' lang='lat' dir='ltr'><strong>Surge,</strong></span> <span class='ocrx_word' id='word_1_49' title='bbox 1094 616 1236 665; x_wconf 84' lang='lat' dir='ltr'>miser,</span> <span class='ocrx_word' id='word_1_50' title='bbox 1275 615 1385 654; x_wconf 85' lang='lat' dir='ltr'>Vade</span> <span class='ocrx_word' id='word_1_51' title='bbox 1415 620 1458 653; x_wconf 89' lang='lat' dir='ltr'>et</span> <span class='ocrx_word' id='word_1_52' title='bbox 1488 613 1702 653; x_wconf 86' lang='lat' dir='ltr'>confitere.</span> 
     </span>
     <span class='ocr_line' id='line_1_7' title="bbox 165 682 1702 735; baseline -0.002 -11"><span class='ocrx_word' id='word_1_53' title='bbox 165 683 238 724; x_wconf 86' lang='lat' dir='ltr'>Ad</span> <span class='ocrx_word' id='word_1_54' title='bbox 274 684 369 725; x_wconf 50' lang='lat' dir='ltr'>hoc,</span> <span class='ocrx_word' id='word_1_55' title='bbox 388 685 565 725; x_wconf 91' lang='lat' dir='ltr'>verbum</span> <span class='ocrx_word' id='word_1_56' title='bbox 598 683 832 724; x_wconf 88' lang='lat' dir='ltr'>exterritus</span> <span class='ocrx_word' id='word_1_57' title='bbox 865 696 915 722; x_wconf 90' lang='lat' dir='ltr'>ac</span> <span class='ocrx_word' id='word_1_58' title='bbox 948 696 1023 734; x_wconf 90' lang='lat' dir='ltr'>per</span> <span class='ocrx_word' id='word_1_59' title='bbox 1045 683 1129 722; x_wconf 88' lang='lat' dir='ltr'>hoc</span> <span class='ocrx_word' id='word_1_60' title='bbox 1157 683 1377 735; x_wconf 82' lang='lat' dir='ltr'>evigilans,</span> <span class='ocrx_word' id='word_1_61' title='bbox 1400 683 1493 735; x_wconf 91' lang='lat' dir='ltr'>cepi</span> <span class='ocrx_word' id='word_1_62' title='bbox 1513 682 1702 735; x_wconf 88' lang='lat' dir='ltr'>cogitare</span> 
     </span>
     <span class='ocr_line' id='line_1_8' title="bbox 162 750 1700 807; baseline -0.003 -13"><span class='ocrx_word' id='word_1_63' title='bbox 162 754 264 806; x_wconf 87' lang='lat' dir='ltr'>quid</span> <span class='ocrx_word' id='word_1_64' title='bbox 286 753 370 794; x_wconf 89' lang='lat' dir='ltr'>hoc</span> <span class='ocrx_word' id='word_1_65' title='bbox 390 767 485 794; x_wconf 87' lang='lat' dir='ltr'>esse</span> <span class='ocrx_word' id='word_1_66' title='bbox 505 757 667 807; x_wconf 84' lang='lat' dir='ltr'>posset,</span> <span class='ocrx_word' id='word_1_67' title='bbox 688 758 732 792; x_wconf 87' lang='lat' dir='ltr'>et</span> <span class='ocrx_word' id='word_1_68' title='bbox 751 752 940 805; x_wconf 89' lang='lat' dir='ltr'>cogitavi</span> <span class='ocrx_word' id='word_1_69' title='bbox 962 752 1076 804; x_wconf 86' lang='lat' dir='ltr'>quod</span> <span class='ocrx_word' id='word_1_70' title='bbox 1098 764 1184 791; x_wconf 91' lang='lat' dir='ltr'>non</span> <span class='ocrx_word' id='word_1_71' title='bbox 1206 758 1319 791; x_wconf 87' lang='lat' dir='ltr'>esset</span> <span class='ocrx_word' id='word_1_72' title='bbox 1351 752 1432 791; x_wconf 89' lang='lat' dir='ltr'>nisi</span> <span class='ocrx_word' id='word_1_73' title='bbox 1469 750 1700 800; x_wconf 78' lang='lat' dir='ltr'>fantasma,</span> 
     </span>
     <span class='ocr_line' id='line_1_9' title="bbox 161 819 1701 867; baseline -0.003 -5"><span class='ocrx_word' id='word_1_74' title='bbox 161 823 276 862; x_wconf 91' lang='lat' dir='ltr'>unde</span> <span class='ocrx_word' id='word_1_75' title='bbox 316 823 369 862; x_wconf 93' lang='lat' dir='ltr'>de</span> <span class='ocrx_word' id='word_1_76' title='bbox 409 823 574 862; x_wconf 90' lang='lat' dir='ltr'>visione</span> <span class='ocrx_word' id='word_1_77' title='bbox 614 835 703 861; x_wconf 92' lang='lat' dir='ltr'>non</span> <span class='ocrx_word' id='word_1_78' title='bbox 744 821 897 861; x_wconf 89' lang='lat' dir='ltr'>curavi.</span> <span class='ocrx_word' id='word_1_79' title='bbox 979 820 1179 861; x_wconf 85' lang='lat' dir='ltr'>Secunda</span> <span class='ocrx_word' id='word_1_80' title='bbox 1219 825 1344 859; x_wconf 89' lang='lat' dir='ltr'>nocte</span> <span class='ocrx_word' id='word_1_81' title='bbox 1384 820 1501 859; x_wconf 90' lang='lat' dir='ltr'>venit</span> <span class='ocrx_word' id='word_1_82' title='bbox 1534 819 1586 859; x_wconf 89' lang='lat' dir='ltr'>ad</span> <span class='ocrx_word' id='word_1_83' title='bbox 1620 833 1701 867; x_wconf 90' lang='lat' dir='ltr'>me,</span> 
     </span>
     <span class='ocr_line' id='line_1_10' title="bbox 158 887 1701 943; baseline -0.001 -14"><span class='ocrx_word' id='word_1_84' title='bbox 158 891 337 931; x_wconf 88' lang='lat' dir='ltr'>omnino</span> <span class='ocrx_word' id='word_1_85' title='bbox 357 891 541 931; x_wconf 88' lang='lat' dir='ltr'>eundem</span> <span class='ocrx_word' id='word_1_86' title='bbox 575 890 781 943; x_wconf 88' lang='lat' dir='ltr'>replicans</span> <span class='ocrx_word' id='word_1_87' title='bbox 807 901 1064 936; x_wconf 89' lang='lat' dir='ltr'>sermonem,</span> <span class='ocrx_word' id='word_1_88' title='bbox 1085 895 1233 929; x_wconf 89' lang='lat' dir='ltr'>tamen</span> <span class='ocrx_word' id='word_1_89' title='bbox 1264 888 1404 928; x_wconf 89' lang='lat' dir='ltr'>adhuc</span> <span class='ocrx_word' id='word_1_90' title='bbox 1434 901 1519 928; x_wconf 90' lang='lat' dir='ltr'>non</span> <span class='ocrx_word' id='word_1_91' title='bbox 1549 887 1701 927; x_wconf 88' lang='lat' dir='ltr'>curavi.</span> 
     </span>
     <span class='ocr_line' id='line_1_11' title="bbox 161 955 1700 1010; baseline -0.003 -11"><span class='ocrx_word' id='word_1_92' title='bbox 161 957 239 999; x_wconf 84' lang='lat' dir='ltr'>Set</span> <span class='ocrx_word' id='word_1_93' title='bbox 270 965 398 1000; x_wconf 90' lang='lat' dir='ltr'>nocte</span> <span class='ocrx_word' id='word_1_94' title='bbox 429 960 571 1008; x_wconf 89' lang='lat' dir='ltr'>tercia,</span> <span class='ocrx_word' id='word_1_95' title='bbox 606 958 768 1010; x_wconf 84' lang='lat' dir='ltr'>inquid,</span> <span class='ocrx_word' id='word_1_96' title='bbox 802 958 998 999; x_wconf 88' lang='lat' dir='ltr'>videlicet</span> <span class='ocrx_word' id='word_1_97' title='bbox 1040 957 1122 996; x_wconf 92' lang='lat' dir='ltr'>hac</span> <span class='ocrx_word' id='word_1_98' title='bbox 1154 962 1293 1004; x_wconf 89' lang='lat' dir='ltr'>nocte,</span> <span class='ocrx_word' id='word_1_99' title='bbox 1329 957 1531 1010; x_wconf 89' lang='lat' dir='ltr'>apparuit</span> <span class='ocrx_word' id='word_1_100' title='bbox 1571 955 1700 996; x_wconf 91' lang='lat' dir='ltr'>michi</span> 
     </span>
     <span class='ocr_line' id='line_1_12' title="bbox 140 1025 1698 1082; baseline -0.003 -14"><span class='ocrx_word' id='word_1_101' title='bbox 140 1034 201 1068; x_wconf 48' lang='lat' dir='ltr'>&gt;et</span> <span class='ocrx_word' id='word_1_102' title='bbox 259 1028 401 1069; x_wconf 85' lang='lat' dir='ltr'>dixit:</span> <span class='ocrx_word' id='word_1_103' title='bbox 453 1028 592 1082; x_wconf 81' lang='lat' dir='ltr'>Surge</span> <span class='ocrx_word' id='word_1_104' title='bbox 633 1028 763 1068; x_wconf 89' lang='lat' dir='ltr'>miser</span> <span class='ocrx_word' id='word_1_105' title='bbox 813 1033 855 1067; x_wconf 92' lang='lat' dir='ltr'>et</span> <span class='ocrx_word' id='word_1_106' title='bbox 896 1027 1007 1068; x_wconf 90' lang='lat' dir='ltr'>vade</span> <span class='ocrx_word' id='word_1_107' title='bbox 1059 1032 1102 1066; x_wconf 93' lang='lat' dir='ltr'>et</span> <span class='ocrx_word' id='word_1_108' title='bbox 1151 1025 1370 1074; x_wconf 83' lang='lat' dir='ltr'>confitere,</span> <span class='ocrx_word' id='word_1_109' title='bbox 1423 1026 1524 1079; x_wconf 87' lang='lat' dir='ltr'>quia</span> <span class='ocrx_word' id='word_1_110' title='bbox 1568 1025 1698 1066; x_wconf 88' lang='lat' dir='ltr'>hodie</span> 
     </span>
     <span class='ocr_line' id='line_1_13' title="bbox 159 1096 1699 1144; baseline -0.003 -7"><span class='ocrx_word' id='word_1_111' title='bbox 159 1097 369 1139; x_wconf 88' lang='lat' dir='ltr'>morieris.</span> <span class='ocrx_word' id='word_1_112' title='bbox 462 1097 562 1138; x_wconf 91' lang='lat' dir='ltr'>Hoc</span> <span class='ocrx_word' id='word_1_113' title='bbox 613 1096 765 1137; x_wconf 88' lang='lat' dir='ltr'>audito</span> <span class='ocrx_word' id='word_1_114' title='bbox 815 1103 931 1137; x_wconf 89' lang='lat' dir='ltr'>totus</span> <span class='ocrx_word' id='word_1_115' title='bbox 986 1097 1144 1136; x_wconf 89' lang='lat' dir='ltr'>timore</span> <span class='ocrx_word' id='word_1_116' title='bbox 1204 1108 1436 1135; x_wconf 89' lang='lat' dir='ltr'>concussus</span> <span class='ocrx_word' id='word_1_117' title='bbox 1486 1107 1593 1144; x_wconf 90' lang='lat' dir='ltr'>sum,</span> <span class='ocrx_word' id='word_1_118' title='bbox 1656 1099 1699 1133; x_wconf 92' lang='lat' dir='ltr'>et</span> 
     </span>
     <span class='ocr_line' id='line_1_14' title="bbox 154 1164 1701 1218; baseline -0.001 -14"><span class='ocrx_word' id='word_1_119' title='bbox 154 1165 366 1218; x_wconf 83' lang='lat' dir='ltr'>evigilans</span> <span class='ocrx_word' id='word_1_120' title='bbox 423 1166 545 1206; x_wconf 88' lang='lat' dir='ltr'>timui</span> <span class='ocrx_word' id='word_1_121' title='bbox 595 1180 650 1207; x_wconf 87' lang='lat' dir='ltr'>ne</span> <span class='ocrx_word' id='word_1_122' title='bbox 700 1179 850 1206; x_wconf 90' lang='lat' dir='ltr'>verum</span> <span class='ocrx_word' id='word_1_123' title='bbox 907 1171 1018 1206; x_wconf 88' lang='lat' dir='ltr'>esset</span> <span class='ocrx_word' id='word_1_124' title='bbox 1067 1164 1183 1218; x_wconf 91' lang='lat' dir='ltr'>quod</span> <span class='ocrx_word' id='word_1_125' title='bbox 1234 1178 1323 1204; x_wconf 91' lang='lat' dir='ltr'>non</span> <span class='ocrx_word' id='word_1_126' title='bbox 1373 1164 1454 1204; x_wconf 92' lang='lat' dir='ltr'>nisi</span> <span class='ocrx_word' id='word_1_127' title='bbox 1505 1164 1701 1204; x_wconf 87' lang='lat' dir='ltr'>fantasti-</span> 
     </span>
     <span class='ocr_line' id='line_1_15' title="bbox 152 1234 1698 1290; baseline -0.001 -16"><span class='ocrx_word' id='word_1_128' title='bbox 152 1247 252 1275; x_wconf 88' lang='lat' dir='ltr'>cum</span> <span class='ocrx_word' id='word_1_129' title='bbox 296 1235 411 1288; x_wconf 89' lang='lat' dir='ltr'>prius</span> <span class='ocrx_word' id='word_1_130' title='bbox 450 1249 543 1276; x_wconf 89' lang='lat' dir='ltr'>esse</span> <span class='ocrx_word' id='word_1_131' title='bbox 584 1236 863 1290; x_wconf 86' lang='lat' dir='ltr'>cogitabam;</span> <span class='ocrx_word' id='word_1_132' title='bbox 909 1242 951 1276; x_wconf 89' lang='lat' dir='ltr'>et</span> <span class='ocrx_word' id='word_1_133' title='bbox 996 1236 1075 1276; x_wconf 89' lang='lat' dir='ltr'>hec</span> <span class='ocrx_word' id='word_1_134' title='bbox 1106 1234 1188 1275; x_wconf 88' lang='lat' dir='ltr'>fuit</span> <span class='ocrx_word' id='word_1_135' title='bbox 1222 1247 1351 1275; x_wconf 90' lang='lat' dir='ltr'>causa</span> <span class='ocrx_word' id='word_1_136' title='bbox 1390 1247 1524 1286; x_wconf 88' lang='lat' dir='ltr'>quare</span> <span class='ocrx_word' id='word_1_137' title='bbox 1563 1234 1698 1274; x_wconf 91' lang='lat' dir='ltr'>modo</span> 
     </span>
     <span class='ocr_line' id='line_1_16' title="bbox 154 1302 1694 1346; baseline 0.001 -2"><span class='ocrx_word' id='word_1_138' title='bbox 154 1305 249 1344; x_wconf 89' lang='lat' dir='ltr'>veni</span> <span class='ocrx_word' id='word_1_139' title='bbox 292 1304 346 1344; x_wconf 91' lang='lat' dir='ltr'>ad</span> <span class='ocrx_word' id='word_1_140' title='bbox 387 1303 726 1346; x_wconf 88' lang='lat' dir='ltr'>confessionem.’</span> <span class='ocrx_word' id='word_1_141' title='bbox 818 1305 970 1345; x_wconf 82' lang='lat' dir='ltr'>Frater</span> <span class='ocrx_word' id='word_1_142' title='bbox 1009 1318 1111 1344; x_wconf 87' lang='lat' dir='ltr'>vero</span> <span class='ocrx_word' id='word_1_143' title='bbox 1145 1303 1223 1344; x_wconf 91' lang='lat' dir='ltr'>hec</span> <span class='ocrx_word' id='word_1_144' title='bbox 1264 1303 1442 1344; x_wconf 88' lang='lat' dir='ltr'>audiens</span> <span class='ocrx_word' id='word_1_145' title='bbox 1478 1302 1591 1343; x_wconf 83' lang='lat' dir='ltr'>dixit</span> <span class='ocrx_word' id='word_1_146' title='bbox 1627 1302 1694 1345; x_wconf 89' lang='lat' dir='ltr'>ei:</span> 
     </span>
     <span class='ocr_line' id='line_1_17' title="bbox 158 1371 1694 1427; baseline -0.001 -15"><span class='ocrx_word' id='word_1_147' title='bbox 158 1376 166 1392; x_wconf 87' lang='lat'>‘</span> <span class='ocrx_word' id='word_1_148' title='bbox 182 1372 218 1411; x_wconf 86' lang='lat' dir='ltr'>F</span> <span class='ocrx_word' id='word_1_149' title='bbox 222 1373 397 1414; x_wconf 86' lang='lat' dir='ltr'>ecistine</span> <span class='ocrx_word' id='word_1_150' title='bbox 418 1387 606 1427; x_wconf 88' lang='lat' dir='ltr'>unquam</span> <span class='ocrx_word' id='word_1_151' title='bbox 625 1374 786 1427; x_wconf 89' lang='lat' dir='ltr'>aliquid</span> <span class='ocrx_word' id='word_1_152' title='bbox 803 1373 858 1414; x_wconf 91' lang='lat' dir='ltr'>ad</span> <span class='ocrx_word' id='word_1_153' title='bbox 878 1373 1088 1413; x_wconf 88' lang='lat' dir='ltr'>honorem</span> <span class='ocrx_word' id='word_1_154' title='bbox 1106 1372 1337 1426; x_wconf 86' lang='lat' dir='ltr'>specialem</span> <span class='ocrx_word' id='word_1_155' title='bbox 1354 1372 1483 1413; x_wconf 87' lang='lat' dir='ltr'>beate</span> <span class='ocrx_word' id='word_1_156' title='bbox 1499 1371 1694 1423; x_wconf 86' lang='lat' dir='ltr'>Virginis</span> 
     </span>
     <span class='ocr_line' id='line_1_18' title="bbox 150 1441 1694 1496; baseline -0.001 -15"><span class='ocrx_word' id='word_1_157' title='bbox 150 1442 371 1495; x_wconf 88' lang='lat' dir='ltr'>genitricis</span> <span class='ocrx_word' id='word_1_158' title='bbox 405 1443 489 1483; x_wconf 91' lang='lat' dir='ltr'>Dei</span> <span class='ocrx_word' id='word_1_159' title='bbox 513 1442 709 1484; x_wconf 89' lang='lat' dir='ltr'>Marie?&#39;</span> <span class='ocrx_word' id='word_1_160' title='bbox 792 1442 880 1496; x_wconf 76' lang='lat' dir='ltr'>Qui</span> <span class='ocrx_word' id='word_1_161' title='bbox 904 1442 1153 1496; x_wconf 85' lang='lat' dir='ltr'>respondit:</span> <span class='ocrx_word' id='word_1_162' title='bbox 1190 1442 1331 1491; x_wconf 90' lang='lat' dir='ltr'>‘Non‚</span> <span class='ocrx_word' id='word_1_163' title='bbox 1368 1441 1556 1489; x_wconf 89' lang='lat' dir='ltr'>domine,</span> <span class='ocrx_word' id='word_1_164' title='bbox 1584 1441 1694 1482; x_wconf 90' lang='lat' dir='ltr'>bene</span> 
     </span>
     <span class='ocr_line' id='line_1_19' title="bbox 152 1509 1691 1566; baseline -0.001 -16"><span class='ocrx_word' id='word_1_165' title='bbox 152 1511 269 1551; x_wconf 86' lang='lat' dir='ltr'>enim</span> <span class='ocrx_word' id='word_1_166' title='bbox 293 1513 560 1566; x_wconf 87' lang='lat' dir='ltr'>perpendere</span> <span class='ocrx_word' id='word_1_167' title='bbox 581 1519 703 1566; x_wconf 91' lang='lat' dir='ltr'>potes</span> <span class='ocrx_word' id='word_1_168' title='bbox 735 1527 793 1553; x_wconf 91' lang='lat' dir='ltr'>ex</span> <span class='ocrx_word' id='word_1_169' title='bbox 825 1513 913 1552; x_wconf 89' lang='lat' dir='ltr'>vita</span> <span class='ocrx_word' id='word_1_170' title='bbox 943 1525 1039 1552; x_wconf 85' lang='lat' dir='ltr'>mea</span> <span class='ocrx_word' id='word_1_171' title='bbox 1070 1512 1185 1565; x_wconf 88' lang='lat' dir='ltr'>quod</span> <span class='ocrx_word' id='word_1_172' title='bbox 1222 1524 1307 1563; x_wconf 88' lang='lat' dir='ltr'>ego</span> <span class='ocrx_word' id='word_1_173' title='bbox 1343 1511 1398 1551; x_wconf 91' lang='lat' dir='ltr'>de</span> <span class='ocrx_word' id='word_1_174' title='bbox 1428 1509 1584 1550; x_wconf 90' lang='lat' dir='ltr'>talibus</span> <span class='ocrx_word' id='word_1_175' title='bbox 1605 1523 1691 1550; x_wconf 91' lang='lat' dir='ltr'>non</span> 
     </span>
     <span class='ocr_line' id='line_1_20' title="bbox 155 1579 1691 1635; baseline -0.002 -14"><span class='ocrx_word' id='word_1_176' title='bbox 155 1581 339 1622; x_wconf 89' lang='lat' dir='ltr'>multum</span> <span class='ocrx_word' id='word_1_177' title='bbox 356 1583 552 1635; x_wconf 85' lang='lat' dir='ltr'>cogitare</span> <span class='ocrx_word' id='word_1_178' title='bbox 573 1595 883 1622; x_wconf 88' lang='lat' dir='ltr'>consueveram</span> <span class='ocrx_word' id='word_1_179' title='bbox 896 1581 917 1623; x_wconf 89' lang='lat'>’.</span> <span class='ocrx_word' id='word_1_180' title='bbox 982 1580 1107 1621; x_wconf 86' lang='lat' dir='ltr'>Dixit</span> <span class='ocrx_word' id='word_1_181' title='bbox 1128 1594 1232 1634; x_wconf 88' lang='lat' dir='ltr'>ergo</span> <span class='ocrx_word' id='word_1_182' title='bbox 1254 1580 1293 1620; x_wconf 92' lang='lat' dir='ltr'>ei</span> <span class='ocrx_word' id='word_1_183' title='bbox 1310 1580 1464 1620; x_wconf 89' lang='lat' dir='ltr'>frater:</span> <span class='ocrx_word' id='word_1_184' title='bbox 1490 1582 1500 1598; x_wconf 88' lang='lat'>‘</span> <span class='ocrx_word' id='word_1_185' title='bbox 1519 1579 1691 1629; x_wconf 83' lang='lat' dir='ltr'>Adhuc,</span> 
     </span>
     <span class='ocr_line' id='line_1_21' title="bbox 150 1649 1689 1705; baseline -0.001 -16"><span class='ocrx_word' id='word_1_186' title='bbox 150 1650 314 1703; x_wconf 88' lang='lat' dir='ltr'>inquid,</span> <span class='ocrx_word' id='word_1_187' title='bbox 340 1652 484 1704; x_wconf 86' lang='lat' dir='ltr'>cogita</span> <span class='ocrx_word' id='word_1_188' title='bbox 505 1651 741 1705; x_wconf 86' lang='lat' dir='ltr'>diligenter.</span> <span class='ocrx_word' id='word_1_189' title='bbox 803 1652 917 1692; x_wconf 87' lang='lat' dir='ltr'>Nam</span> <span class='ocrx_word' id='word_1_190' title='bbox 950 1651 1079 1692; x_wconf 90' lang='lat' dir='ltr'>beata</span> <span class='ocrx_word' id='word_1_191' title='bbox 1099 1650 1237 1703; x_wconf 86' lang='lat' dir='ltr'>Virgo</span> <span class='ocrx_word' id='word_1_192' title='bbox 1258 1649 1384 1689; x_wconf 90' lang='lat' dir='ltr'>valde</span> <span class='ocrx_word' id='word_1_193' title='bbox 1404 1649 1590 1701; x_wconf 87' lang='lat' dir='ltr'>benigna</span> <span class='ocrx_word' id='word_1_194' title='bbox 1611 1654 1689 1689; x_wconf 90' lang='lat' dir='ltr'>est.</span> 
     </span>
     <span class='ocr_line' id='line_1_22' title="bbox 152 1717 1691 1775; baseline -0.002 -15"><span class='ocrx_word' id='word_1_195' title='bbox 152 1718 284 1760; x_wconf 91' lang='lat' dir='ltr'>Unde</span> <span class='ocrx_word' id='word_1_196' title='bbox 304 1730 698 1775; x_wconf 87' lang='lat' dir='ltr'>quantumcumque</span> <span class='ocrx_word' id='word_1_197' title='bbox 716 1721 935 1762; x_wconf 80' lang='lat' dir='ltr'>&#39;modicum</span> <span class='ocrx_word' id='word_1_198' title='bbox 965 1721 1021 1761; x_wconf 89' lang='lat' dir='ltr'>sit</span> <span class='ocrx_word' id='word_1_199' title='bbox 1041 1720 1157 1773; x_wconf 87' lang='lat' dir='ltr'>quod</span> <span class='ocrx_word' id='word_1_200' title='bbox 1188 1720 1243 1759; x_wconf 90' lang='lat' dir='ltr'>ad</span> <span class='ocrx_word' id='word_1_201' title='bbox 1271 1719 1482 1759; x_wconf 88' lang='lat' dir='ltr'>honorem</span> <span class='ocrx_word' id='word_1_202' title='bbox 1503 1717 1591 1758; x_wconf 87' lang='lat' dir='ltr'>eius</span> <span class='ocrx_word' id='word_1_203' title='bbox 1614 1719 1691 1757; x_wconf 89' lang='lat' dir='ltr'>im-</span> 
     </span>
     <span class='ocr_line' id='line_1_23' title="bbox 149 1787 1687 1842; baseline -0.002 -14"><span class='ocrx_word' id='word_1_204' title='bbox 149 1788 363 1840; x_wconf 84' lang='lat' dir='ltr'>penditur,</span> <span class='ocrx_word' id='word_1_205' title='bbox 393 1788 599 1830; x_wconf 86' lang='lat' dir='ltr'>oblivioni</span> <span class='ocrx_word' id='word_1_206' title='bbox 629 1789 685 1830; x_wconf 90' lang='lat' dir='ltr'>ab</span> <span class='ocrx_word' id='word_1_207' title='bbox 721 1804 771 1830; x_wconf 94' lang='lat' dir='ltr'>ea</span> <span class='ocrx_word' id='word_1_208' title='bbox 803 1789 912 1830; x_wconf 88' lang='lat' dir='ltr'>tradi</span> <span class='ocrx_word' id='word_1_209' title='bbox 944 1802 1033 1830; x_wconf 92' lang='lat' dir='ltr'>non</span> <span class='ocrx_word' id='word_1_210' title='bbox 1065 1787 1234 1842; x_wconf 60' lang='lat' dir='ltr'>potest?</span> <span class='ocrx_word' id='word_1_211' title='bbox 1298 1787 1375 1828; x_wconf 92' lang='lat' dir='ltr'>Ille</span> <span class='ocrx_word' id='word_1_212' title='bbox 1408 1800 1510 1839; x_wconf 89' lang='lat' dir='ltr'>ergo</span> <span class='ocrx_word' id='word_1_213' title='bbox 1542 1799 1687 1826; x_wconf 87' lang='lat' dir='ltr'>secum</span> 
     </span>
     <span class='ocr_line' id='line_1_24' title="bbox 147 1856 1685 1912; baseline -0.001 -17"><span class='ocrx_word' id='word_1_214' title='bbox 147 1857 355 1910; x_wconf 87' lang='lat' dir='ltr'>cogitans,</span> <span class='ocrx_word' id='word_1_215' title='bbox 385 1859 560 1898; x_wconf 89' lang='lat' dir='ltr'>tandem</span> <span class='ocrx_word' id='word_1_216' title='bbox 592 1859 841 1912; x_wconf 85' lang='lat' dir='ltr'>respondit:</span> <span class='ocrx_word' id='word_1_217' title='bbox 875 1857 1104 1911; x_wconf 70' lang='lat' dir='ltr'>‘QuandQ</span> <span class='ocrx_word' id='word_1_218' title='bbox 1144 1856 1297 1910; x_wconf 77' lang='lat' dir='ltr'>inquit,</span> <span class='ocrx_word' id='word_1_219' title='bbox 1323 1867 1428 1908; x_wconf 88' lang='lat' dir='ltr'>puer</span> <span class='ocrx_word' id='word_1_220' title='bbox 1448 1868 1563 1895; x_wconf 89' lang='lat' dir='ltr'>eram</span> <span class='ocrx_word' id='word_1_221' title='bbox 1586 1868 1685 1895; x_wconf 89' lang='lat' dir='ltr'>cum</span> 
     </span>
     <span class='ocr_line' id='line_1_25' title="bbox 147 1924 1686 1978; baseline -0.001 -13"><span class='ocrx_word' id='word_1_222' title='bbox 147 1932 286 1966; x_wconf 88' lang='lat' dir='ltr'>matre</span> <span class='ocrx_word' id='word_1_223' title='bbox 329 1940 438 1977; x_wconf 90' lang='lat' dir='ltr'>mea,</span> <span class='ocrx_word' id='word_1_224' title='bbox 490 1927 642 1968; x_wconf 88' lang='lat' dir='ltr'>habuit</span> <span class='ocrx_word' id='word_1_225' title='bbox 682 1934 821 1968; x_wconf 89' lang='lat' dir='ltr'>mater</span> <span class='ocrx_word' id='word_1_226' title='bbox 862 1941 959 1968; x_wconf 89' lang='lat' dir='ltr'>mea</span> <span class='ocrx_word' id='word_1_227' title='bbox 1000 1926 1201 1967; x_wconf 88' lang='lat' dir='ltr'>ancillam</span> <span class='ocrx_word' id='word_1_228' title='bbox 1244 1925 1462 1978; x_wconf 89' lang='lat' dir='ltr'>quandam</span> <span class='ocrx_word' id='word_1_229' title='bbox 1506 1924 1686 1964; x_wconf 89' lang='lat' dir='ltr'>nomine</span> 
     </span>
     <span class='ocr_line' id='line_1_26' title="bbox 148 1994 1684 2051; baseline -0.001 -17"><span class='ocrx_word' id='word_1_230' title='bbox 148 1994 349 2046; x_wconf 87' lang='lat' dir='ltr'>Mariam,</span> <span class='ocrx_word' id='word_1_231' title='bbox 373 2010 502 2050; x_wconf 87' lang='lat' dir='ltr'>quam</span> <span class='ocrx_word' id='word_1_232' title='bbox 524 1997 771 2051; x_wconf 89' lang='lat' dir='ltr'>frequenter</span> <span class='ocrx_word' id='word_1_233' title='bbox 793 2011 948 2038; x_wconf 90' lang='lat' dir='ltr'>vocare</span> <span class='ocrx_word' id='word_1_234' title='bbox 968 1997 1146 2037; x_wconf 89' lang='lat' dir='ltr'>nomine</span> <span class='ocrx_word' id='word_1_235' title='bbox 1167 2009 1258 2045; x_wconf 86' lang='lat' dir='ltr'>suo,</span> <span class='ocrx_word' id='word_1_236' title='bbox 1282 2001 1330 2034; x_wconf 91' lang='lat' dir='ltr'>ut</span> <span class='ocrx_word' id='word_1_237' title='bbox 1354 1994 1558 2034; x_wconf 87' lang='lat' dir='ltr'>matronis</span> <span class='ocrx_word' id='word_1_238' title='bbox 1590 2006 1684 2033; x_wconf 91' lang='lat' dir='ltr'>mos</span> 
     </span>
     <span class='ocr_line' id='line_1_27' title="bbox 141 2062 1679 2117; baseline -0.002 -13"><span class='ocrx_word' id='word_1_239' title='bbox 141 2069 219 2113; x_wconf 87' lang='lat' dir='ltr'>est,</span> <span class='ocrx_word' id='word_1_240' title='bbox 241 2067 475 2116; x_wconf 88' lang='lat' dir='ltr'>consuevit,</span> <span class='ocrx_word' id='word_1_241' title='bbox 497 2073 539 2107; x_wconf 90' lang='lat' dir='ltr'>et</span> <span class='ocrx_word' id='word_1_242' title='bbox 559 2067 669 2108; x_wconf 90' lang='lat' dir='ltr'>hanc</span> <span class='ocrx_word' id='word_1_243' title='bbox 691 2066 1049 2108; x_wconf 88' lang='lat' dir='ltr'>consuetudinem</span> <span class='ocrx_word' id='word_1_244' title='bbox 1072 2066 1207 2105; x_wconf 90' lang='lat' dir='ltr'>eciam</span> <span class='ocrx_word' id='word_1_245' title='bbox 1231 2064 1333 2117; x_wconf 82' lang='lat' dir='ltr'><em>[fol.</em></span> <span class='ocrx_word' id='word_1_246' title='bbox 1359 2062 1456 2116; x_wconf 83' lang='lat' dir='ltr'>38b]</span> <span class='ocrx_word' id='word_1_247' title='bbox 1478 2062 1679 2111; x_wconf 90' lang='lat' dir='ltr'>habebat,</span> 
     </span>
     <span class='ocr_line' id='line_1_28' title="bbox 140 2132 1682 2190; baseline -0.003 -16"><span class='ocrx_word' id='word_1_248' title='bbox 140 2135 261 2186; x_wconf 88' lang='lat' dir='ltr'>quod</span> <span class='ocrx_word' id='word_1_249' title='bbox 295 2136 497 2187; x_wconf 90' lang='lat' dir='ltr'>quociens</span> <span class='ocrx_word' id='word_1_250' title='bbox 531 2137 669 2190; x_wconf 87' lang='lat' dir='ltr'>ipsam</span> <span class='ocrx_word' id='word_1_251' title='bbox 702 2136 897 2177; x_wconf 86' lang='lat' dir='ltr'>vocando</span> <span class='ocrx_word' id='word_1_252' title='bbox 926 2147 1087 2176; x_wconf 88' lang='lat' dir='ltr'>nomen</span> <span class='ocrx_word' id='word_1_253' title='bbox 1124 2134 1214 2175; x_wconf 89' lang='lat' dir='ltr'>eius</span> <span class='ocrx_word' id='word_1_254' title='bbox 1248 2133 1503 2180; x_wconf 89' lang='lat' dir='ltr'>nominaret,</span> <span class='ocrx_word' id='word_1_255' title='bbox 1534 2132 1682 2171; x_wconf 86' lang='lat' dir='ltr'>statim</span> 
     </span>
     <span class='ocr_line' id='line_1_29' title="bbox 141 2200 1681 2255; baseline -0.001 -14"><span class='ocrx_word' id='word_1_256' title='bbox 141 2202 378 2255; x_wconf 88' lang='lat' dir='ltr'>angelicam</span> <span class='ocrx_word' id='word_1_257' title='bbox 399 2204 560 2245; x_wconf 88' lang='lat' dir='ltr'>diceret</span> <span class='ocrx_word' id='word_1_258' title='bbox 581 2204 917 2246; x_wconf 75' lang='lat' dir='ltr'>salutationem.1</span> <span class='ocrx_word' id='word_1_259' title='bbox 990 2204 1099 2244; x_wconf 89' lang='lat' dir='ltr'>Erat</span> <span class='ocrx_word' id='word_1_260' title='bbox 1124 2203 1239 2243; x_wconf 89' lang='lat' dir='ltr'>enim</span> <span class='ocrx_word' id='word_1_261' title='bbox 1263 2201 1415 2241; x_wconf 88' lang='lat' dir='ltr'>mulier</span> <span class='ocrx_word' id='word_1_262' title='bbox 1436 2201 1534 2241; x_wconf 91' lang='lat' dir='ltr'>Deo</span> <span class='ocrx_word' id='word_1_263' title='bbox 1555 2200 1681 2240; x_wconf 90' lang='lat' dir='ltr'>valde</span> 
     </span>
     <span class='ocr_line' id='line_1_30' title="bbox 141 2268 1678 2327; baseline -0.001 -17"><span class='ocrx_word' id='word_1_264' title='bbox 141 2271 311 2313; x_wconf 90' lang='lat' dir='ltr'>devota.</span> <span class='ocrx_word' id='word_1_265' title='bbox 376 2272 473 2326; x_wconf 90' lang='lat' dir='ltr'>Ego</span> <span class='ocrx_word' id='word_1_266' title='bbox 495 2286 610 2324; x_wconf 86' lang='lat' dir='ltr'>vero,</span> <span class='ocrx_word' id='word_1_267' title='bbox 633 2274 792 2327; x_wconf 87' lang='lat' dir='ltr'>inquid,</span> <span class='ocrx_word' id='word_1_268' title='bbox 815 2280 917 2315; x_wconf 88' lang='lat' dir='ltr'>tunc</span> <span class='ocrx_word' id='word_1_269' title='bbox 938 2284 1045 2326; x_wconf 90' lang='lat' dir='ltr'>puer</span> <span class='ocrx_word' id='word_1_270' title='bbox 1065 2272 1258 2312; x_wconf 88' lang='lat' dir='ltr'>existens</span> <span class='ocrx_word' id='word_1_271' title='bbox 1280 2277 1324 2311; x_wconf 89' lang='lat' dir='ltr'>et</span> <span class='ocrx_word' id='word_1_272' title='bbox 1357 2269 1535 2310; x_wconf 90' lang='lat' dir='ltr'>modum</span> <span class='ocrx_word' id='word_1_273' title='bbox 1566 2268 1678 2308; x_wconf 89' lang='lat' dir='ltr'>hunc</span> 
     </span>
     <span class='ocr_line' id='line_1_31' title="bbox 141 2336 1678 2392; baseline -0.001 -14"><span class='ocrx_word' id='word_1_274' title='bbox 141 2339 183 2379; x_wconf 92' lang='lat' dir='ltr'>in</span> <span class='ocrx_word' id='word_1_275' title='bbox 207 2346 344 2381; x_wconf 83' lang='lat' dir='ltr'>matre</span> <span class='ocrx_word' id='word_1_276' title='bbox 366 2354 462 2382; x_wconf 89' lang='lat' dir='ltr'>mea</span> <span class='ocrx_word' id='word_1_277' title='bbox 484 2344 811 2392; x_wconf 89' lang='lat' dir='ltr'>commendans,</span> <span class='ocrx_word' id='word_1_278' title='bbox 834 2342 916 2383; x_wconf 91' lang='lat' dir='ltr'>hoc</span> <span class='ocrx_word' id='word_1_279' title='bbox 936 2343 1048 2382; x_wconf 86' lang='lat' dir='ltr'>traxi</span> <span class='ocrx_word' id='word_1_280' title='bbox 1071 2343 1113 2381; x_wconf 93' lang='lat' dir='ltr'>in</span> <span class='ocrx_word' id='word_1_281' title='bbox 1134 2354 1257 2381; x_wconf 88' lang='lat' dir='ltr'>usum</span> <span class='ocrx_word' id='word_1_282' title='bbox 1280 2346 1326 2380; x_wconf 93' lang='lat' dir='ltr'>ut</span> <span class='ocrx_word' id='word_1_283' title='bbox 1356 2339 1561 2392; x_wconf 86' lang='lat' dir='ltr'>quociens</span> <span class='ocrx_word' id='word_1_284' title='bbox 1593 2336 1678 2377; x_wconf 89' lang='lat' dir='ltr'>hoc</span> 
     </span>
     <span class='ocr_line' id='line_1_32' title="bbox 141 2409 1680 2455; baseline -0.002 -7"><span class='ocrx_word' id='word_1_285' title='bbox 141 2421 302 2450; x_wconf 89' lang='lat' dir='ltr'>nomen</span> <span class='ocrx_word' id='word_1_286' title='bbox 337 2411 476 2451; x_wconf 89' lang='lat' dir='ltr'>Maria</span> <span class='ocrx_word' id='word_1_287' title='bbox 508 2413 699 2453; x_wconf 87' lang='lat' dir='ltr'>audirem</span> <span class='ocrx_word' id='word_1_288' title='bbox 728 2413 892 2453; x_wconf 86' lang='lat' dir='ltr'>tociens</span> <span class='ocrx_word' id='word_1_289' title='bbox 926 2424 1058 2451; x_wconf 92' lang='lat' dir='ltr'>unum</span> <span class='ocrx_word' id='word_1_290' title='bbox 1094 2409 1192 2451; x_wconf 77' lang='lat' dir='ltr'>Ave</span> <span class='ocrx_word' id='word_1_291' title='bbox 1218 2409 1374 2449; x_wconf 76' lang='lat' dir='ltr'>Maria</span> <span class='ocrx_word' id='word_1_292' title='bbox 1406 2409 1605 2455; x_wconf 88' lang='lat' dir='ltr'>dicerem,</span> <span class='ocrx_word' id='word_1_293' title='bbox 1638 2412 1680 2446; x_wconf 90' lang='lat' dir='ltr'>et</span> 
     </span>
     <span class='ocr_line' id='line_1_33' title="bbox 138 2475 1678 2535; baseline -0.001 -18"><span class='ocrx_word' id='word_1_294' title='bbox 138 2476 255 2518; x_wconf 86' lang='lat' dir='ltr'>hunc</span> <span class='ocrx_word' id='word_1_295' title='bbox 274 2480 454 2521; x_wconf 90' lang='lat' dir='ltr'>modum</span> <span class='ocrx_word' id='word_1_296' title='bbox 477 2486 627 2534; x_wconf 89' lang='lat' dir='ltr'>postea</span> <span class='ocrx_word' id='word_1_297' title='bbox 647 2495 867 2535; x_wconf 88' lang='lat' dir='ltr'>nunquam</span> <span class='ocrx_word' id='word_1_298' title='bbox 889 2478 1059 2522; x_wconf 86' lang='lat' dir='ltr'>dimisi.’</span> <span class='ocrx_word' id='word_1_299' title='bbox 1142 2479 1269 2519; x_wconf 90' lang='lat' dir='ltr'>Dixit</span> <span class='ocrx_word' id='word_1_300' title='bbox 1291 2485 1436 2518; x_wconf 90' lang='lat' dir='ltr'>autem</span> <span class='ocrx_word' id='word_1_301' title='bbox 1459 2476 1496 2516; x_wconf 91' lang='lat' dir='ltr'>ei</span> <span class='ocrx_word' id='word_1_302' title='bbox 1520 2475 1678 2516; x_wconf 86' lang='lat' dir='ltr'>frater:</span> 
     </span>
     <span class='ocr_line' id='line_1_34' title="bbox 139 2544 1675 2604; baseline -0.003 -16"><span class='ocrx_word' id='word_1_303' title='bbox 139 2546 298 2597; x_wconf 86' lang='lat' dir='ltr'>‘Vade‚</span> <span class='ocrx_word' id='word_1_304' title='bbox 327 2550 486 2601; x_wconf 86' lang='lat' dir='ltr'>inquid,</span> <span class='ocrx_word' id='word_1_305' title='bbox 532 2551 644 2591; x_wconf 88' lang='lat' dir='ltr'>vade</span> <span class='ocrx_word' id='word_1_306' title='bbox 693 2551 901 2604; x_wconf 89' lang='lat' dir='ltr'>quoniam</span> <span class='ocrx_word' id='word_1_307' title='bbox 943 2550 1024 2590; x_wconf 89' lang='lat' dir='ltr'>iste</span> <span class='ocrx_word' id='word_1_308' title='bbox 1065 2549 1207 2589; x_wconf 90' lang='lat' dir='ltr'>honor</span> <span class='ocrx_word' id='word_1_309' title='bbox 1246 2546 1444 2600; x_wconf 87' lang='lat' dir='ltr'>quamvis</span> <span class='ocrx_word' id='word_1_310' title='bbox 1481 2544 1675 2585; x_wconf 89' lang='lat' dir='ltr'>modicus</span> 
     </span>
     <span class='ocr_line' id='line_1_35' title="bbox 140 2615 1673 2661; baseline -0.002 -5"><span class='ocrx_word' id='word_1_311' title='bbox 140 2617 325 2658; x_wconf 84' lang='lat' dir='ltr'>salvavit</span> <span class='ocrx_word' id='word_1_312' title='bbox 353 2619 542 2660; x_wconf 89' lang='lat' dir='ltr'>animam</span> <span class='ocrx_word' id='word_1_313' title='bbox 578 2627 697 2661; x_wconf 91' lang='lat' dir='ltr'>tuam</span> <span class='ocrx_word' id='word_1_314' title='bbox 714 2620 734 2661; x_wconf 94' lang='lat'>&#39;.</span> <span class='ocrx_word' id='word_1_315' title='bbox 800 2621 884 2660; x_wconf 85' lang='lat' dir='ltr'>Ivit</span> <span class='ocrx_word' id='word_1_316' title='bbox 904 2632 1006 2660; x_wconf 90' lang='lat' dir='ltr'>vero</span> <span class='ocrx_word' id='word_1_317' title='bbox 1036 2618 1199 2659; x_wconf 86' lang='lat' dir='ltr'>iuvenis</span> <span class='ocrx_word' id='word_1_318' title='bbox 1230 2616 1298 2657; x_wconf 90' lang='lat' dir='ltr'>ille</span> <span class='ocrx_word' id='word_1_319' title='bbox 1328 2616 1382 2656; x_wconf 92' lang='lat' dir='ltr'>ad</span> <span class='ocrx_word' id='word_1_320' title='bbox 1419 2615 1673 2655; x_wconf 89' lang='lat' dir='ltr'>exercitum.</span> 
     </span>
     <span class='ocr_line' id='line_1_36' title="bbox 142 2684 1674 2742; baseline -0.001 -17"><span class='ocrx_word' id='word_1_321' title='bbox 142 2685 201 2726; x_wconf 90' lang='lat' dir='ltr'>Et</span> <span class='ocrx_word' id='word_1_322' title='bbox 240 2700 336 2727; x_wconf 92' lang='lat' dir='ltr'>ecce</span> <span class='ocrx_word' id='word_1_323' title='bbox 370 2689 546 2741; x_wconf 90' lang='lat' dir='ltr'>quando</span> <span class='ocrx_word' id='word_1_324' title='bbox 584 2696 793 2730; x_wconf 87' lang='lat' dir='ltr'>venerunt</span> <span class='ocrx_word' id='word_1_325' title='bbox 834 2702 966 2742; x_wconf 87' lang='lat' dir='ltr'>prope</span> <span class='ocrx_word' id='word_1_326' title='bbox 1008 2700 1176 2729; x_wconf 86' lang='lat' dir='ltr'>murum</span> <span class='ocrx_word' id='word_1_327' title='bbox 1212 2686 1285 2726; x_wconf 89' lang='lat' dir='ltr'>ubi</span> <span class='ocrx_word' id='word_1_328' title='bbox 1321 2684 1539 2725; x_wconf 88' lang='lat' dir='ltr'>debebant</span> <span class='ocrx_word' id='word_1_329' title='bbox 1576 2697 1674 2724; x_wconf 91' lang='lat' dir='ltr'>cum</span> 
     </span>
     <span class='ocr_line' id='line_1_37' title="bbox 142 2754 1674 2806; baseline -0.001 -12"><span class='ocrx_word' id='word_1_330' title='bbox 142 2755 353 2796; x_wconf 86' lang='lat' dir='ltr'>machinis</span> <span class='ocrx_word' id='word_1_331' title='bbox 374 2758 461 2797; x_wconf 86' lang='lat' dir='ltr'>suis</span> <span class='ocrx_word' id='word_1_332' title='bbox 481 2758 536 2798; x_wconf 91' lang='lat' dir='ltr'>ad</span> <span class='ocrx_word' id='word_1_333' title='bbox 558 2758 775 2799; x_wconf 84' lang='lat' dir='ltr'>civitatem</span> <span class='ocrx_word' id='word_1_334' title='bbox 797 2758 982 2806; x_wconf 88' lang='lat' dir='ltr'>iaculari,</span> <span class='ocrx_word' id='word_1_335' title='bbox 1006 2757 1085 2797; x_wconf 85' lang='lat' dir='ltr'>fuit</span> <span class='ocrx_word' id='word_1_336' title='bbox 1107 2756 1218 2798; x_wconf 85' lang='lat' dir='ltr'>inter</span> <span class='ocrx_word' id='word_1_337' title='bbox 1232 2754 1456 2795; x_wconf 88' lang='lat' dir='ltr'>machinas</span> <span class='ocrx_word' id='word_1_338' title='bbox 1480 2767 1564 2794; x_wconf 88' lang='lat' dir='ltr'>una</span> <span class='ocrx_word' id='word_1_339' title='bbox 1584 2766 1674 2793; x_wconf 92' lang='lat' dir='ltr'>non</span> 
     </span>
     <span class='ocr_line' id='line_1_38' title="bbox 137 2825 1676 2880; baseline -0.001 -17"><span class='ocrx_word' id='word_1_340' title='bbox 137 2825 317 2865; x_wconf 87' lang='lat' dir='ltr'>omnino</span> <span class='ocrx_word' id='word_1_341' title='bbox 350 2833 464 2867; x_wconf 88' lang='lat' dir='ltr'>recte</span> <span class='ocrx_word' id='word_1_342' title='bbox 493 2827 714 2880; x_wconf 83' lang='lat' dir='ltr'>disposita.</span> <span class='ocrx_word' id='word_1_343' title='bbox 780 2828 829 2867; x_wconf 90' lang='lat' dir='ltr'>In</span> <span class='ocrx_word' id='word_1_344' title='bbox 863 2841 947 2880; x_wconf 87' lang='lat' dir='ltr'>qua</span> <span class='ocrx_word' id='word_1_345' title='bbox 980 2840 1078 2867; x_wconf 85' lang='lat' dir='ltr'>curn</span> <span class='ocrx_word' id='word_1_346' title='bbox 1110 2825 1216 2878; x_wconf 88' lang='lat' dir='ltr'>lapis</span> <span class='ocrx_word' id='word_1_347' title='bbox 1238 2836 1419 2877; x_wconf 87' lang='lat' dir='ltr'>magnus</span> <span class='ocrx_word' id='word_1_348' title='bbox 1441 2828 1676 2876; x_wconf 85' lang='lat' dir='ltr'>poneretur</span> 
     </span>
    </p>
   </div>
   <div class='ocr_carea' id='block_1_3' title="bbox 744 2918 1066 2949">
    <p class='ocr_par' dir='ltr' id='par_1_3' title="bbox 744 2918 1066 2949">
     <span class='ocr_line' id='line_1_39' title="bbox 744 2918 1066 2949; baseline -0.003 0"><span class='ocrx_word' id='word_1_349' title='bbox 744 2918 755 2938; x_wconf 81' lang='lat'>1</span> <span class='ocrx_word' id='word_1_350' title='bbox 773 2919 846 2949; x_wconf 91' lang='lat' dir='ltr'>MS.</span> <span class='ocrx_word' id='word_1_351' title='bbox 872 2918 1066 2949; x_wconf 84' lang='lat' dir='ltr'>salutarem.</span> 
     </span>
    </p>
   </div>
  </div>
 </body>
</html>
