2052 3278
535 242 619 283 DE
657 242 925 284 INIURIIS
962 240 1316 283 ECCLESIAE
1641 243 1695 293 67

155 361 447 408 intromittere,
481 358 593 399 dixit
623 359 660 398 ei
695 358 893 398 dominus
924 364 970 398 ut
1014 358 1188 398 intraret
1229 356 1434 398 viellator.
1500 356 1697 410 Cumque

154 429 354 470 intrasset
375 434 417 469 et
439 434 634 481 tempore
646 433 859 479 oportuno
875 429 1050 480 exsequi
1071 426 1199 467 vellet
1226 425 1415 466 officium
1437 439 1571 475 suum,
1593 426 1696 466 dum

155 498 327 539 viellam
361 511 480 538 suam
514 502 787 549 temperaret,
810 498 928 537 venit
962 497 1150 549 quidam,
1172 501 1215 535 et
1247 508 1343 535 cum
1378 495 1496 535 lardo
1517 494 1584 536 vel
1614 494 1697 536 alio

154 580 309 621 genere
350 567 568 621 sagiminis
609 565 806 605 derisorie
846 566 1052 617 perunxit
1094 564 1164 605 fila
1200 578 1274 604 5611
1315 563 1423 617 pilos
1462 564 1581 617 virge
1623 577 1696 604 sue

151 635 342 678 viellariS.
381 635 582 688 Cumque,
600 639 767 686 arrepta
778 633 896 686 virga
911 640 1159 683 memorata,
1174 646 1299 685 super
1315 633 1484 673 viellam
1500 632 1696 682 traheret,

152 718 282 745 sonus
303 717 391 744 non
414 704 502 753 fuit,
524 702 727 743 unctione
760 701 910 742 mellos
941 702 1186 743 auferente.l
1248 701 1364 754 Quid
1385 715 1489 755 ergo
1511 702 1695 742 faceret?

158 774 208 813 In
231 787 275 813 se
307 772 505 813 confusus
538 784 624 811 non
657 770 887 820 modicum,
910 770 1014 824 [fol.
1039 770 1142 829 65a]
1176 770 1434 812 insaeculata
1455 769 1580 810 viella
1610 785 1694 821 sua,

153 843 347 891 surrexit,
381 842 515 882 exivit
552 846 595 881 et
634 839 816 880 recessit.
892 839 1086 893 Cumque
1125 838 1436 892 aliquantulum
1477 838 1697 893 elongatus

152 917 264 954 esset
304 926 329 951 a
369 912 473 959 loco,
512 908 798 962 deprehendit
838 908 954 961 quod
994 921 1123 949 unam
1165 907 1473 948 cirothecarum
1524 921 1695 949 suarum

153 981 377 1028 amissiset,
399 985 441 1019 et
462 993 556 1019 cum
578 992 675 1018 eam
697 977 913 1026 sollicitus,
933 984 979 1018 ut
1001 977 1133 1018 moris
1163 983 1240 1026 est,
1262 977 1372 1017 circa
1391 990 1435 1016 56
1456 978 1695 1029 queritaret,

155 1051 336 1103 contigit
356 1055 402 1090 ut
426 1062 569 1089 versus
601 1048 741 1088 locum
774 1048 889 1088 unde
909 1053 1086 1088 venerat*
1102 1060 1148 1087 se
1168 1052 1444 1088 converteret.
1511 1047 1569 1087 Et
1600 1061 1698 1088 6666

154 1120 283 1160 nichil
319 1119 376 1159 ibi
412 1118 519 1160 vidit
559 1119 638 1159 nisi
683 1125 840 1158 terram
883 1118 1070 1171 planam.
1149 1116 1418 1170 Stupefactus
1457 1122 1601 1156 autem
1642 1118 1695 1157 ad

154 1189 304 1237 visum,
328 1201 404 1241 per
436 1188 548 1228 viam
585 1201 669 1240 qua
700 1193 875 1227 venerat
905 1186 1150 1239 repedabat.
1215 1186 1274 1226 Et
1304 1198 1401 1226 cum
1423 1186 1611 1226 venisset
1640 1186 1695 1226 ad

154 1257 293 1298 locum
315 1258 386 1297 ubi
407 1263 593 1297 castrum
616 1256 764 1305 fuerat,
785 1255 914 1296 nichil
946 1255 1005 1295 ibi
1038 1256 1207 1308 reperit,
1231 1255 1310 1295 nisi
1332 1261 1487 1295 terram
1509 1256 1695 1308 planam,

153 1332 197 1367 et
232 1328 274 1367 in
310 1326 453 1366 medio
489 1325 650 1366 fontem
687 1338 828 1373 unum,
852 1332 895 1365 et
933 1325 1054 1364 iuxta
1085 1324 1254 1365 fontem
1285 1323 1544 1365 cirothecam
1576 1339 1696 1366 suam

156 1396 374 1444 iacentem,
396 1401 536 1435 castro
557 1407 652 1434 cum
685 1393 883 1434 omnibus
916 1393 1125 1434 contentis
1150 1408 1174 1434 a
1194 1398 1306 1434 terra
1327 1392 1519 1435 absortiS.
1582 1394 1698 1436 Sane

158 1465 372 1504 Dominus
419 1463 637 1504 evidenter
686 1462 767 1503 hoc
816 1463 1022 1516 exemplo
1067 1462 1390 1503 demonstrabat
1438 1463 1553 1516 quod
1605 1465 1696 1517 ipse

157 1535 327 1586 paciens
350 1533 541 1573 redditor
560 1538 625 1573 est
645 1546 654 1582 ;
686 1533 799 1585 quod
834 1533 867 1572 si
889 1546 985 1572 cum
1007 1538 1178 1585 tempus
1199 1532 1359 1582 transit,
1380 1533 1439 1572 ita
1468 1533 1695 1586 appropin-

156 1609 310 1655 quatur
329 1602 433 1642 ultio
454 1602 564 1642 iusto
596 1602 749 1641 iudicio
783 1601 876 1649 Dei,
898 1606 1073 1654 propter
1095 1600 1210 1654 quod
1239 1615 1320 1640 non
1351 1601 1492 1641 tardes
1512 1602 1700 1641 converti
1710 1608 1896 1657 Ecclesias-

156 1672 220 1711 ad
230 1671 484 1721 Dominum,
508 1678 548 1710 et
562 1685 612 1711 ne
633 1670 810 1724 dfferas
825 1671 875 1710 de
891 1671 959 1711 die
980 1671 1024 1710 in
1047 1671 1172 1720 diem,
1188 1676 1266 1711 etc.
1330 1670 1430 1711 Hoc
1446 1671 1694 1724 exemplum
1710 1658 1795 1683 neus
1810 1664 1840 1690 v,
1857 1661 1886 1691 7·

154 1739 389 1793 predicavit
422 1739 551 1780 frater
587 1739 719 1792 Hugo
757 1740 812 1780 de
852 1738 1046 1780 Succune
1085 1739 1127 1779 in
1160 1739 1349 1792 partibus
1389 1740 1696 1789 transmarinis,

155 1809 302 1849 dicens
324 1810 437 1862 quod
471 1808 550 1849 hoc
583 1809 644 1849 ita
674 1809 865 1849 evenisse
895 1808 1087 1848 audierat
1118 1808 1315 1859 enarrari,
1336 1816 1379 1849 et
1400 1822 1495 1849 curn
1527 1810 1587 1849 ita
1618 1809 1694 1850 sub

155 1877 285 1919 dubio
318 1890 407 1918 rem
442 1883 608 1931 gestam
642 1884 913 1931 proponeret,
935 1877 1047 1918 dixit
1079 1879 1116 1918 ei
1137 1879 1314 1931 quidam
1336 1892 1393 1919 ex
1423 1878 1694 1919 sedentibus:

158 1947 342 1996 ‘Fraten
365 1960 511 1987 secure
532 1948 712 1987 narretis
734 1946 814 1987 hoc
845 1946 1103 1999 exemplum,
1126 1961 1226 1988 nam
1256 1960 1338 2000 ego
1359 1947 1445 1988 scio
1465 1947 1601 1988 locum
1624 1947 1694 1988 ubi

157 2016 238 2056 hoc
259 2016 411 2056 accidit
427 2014 449 2057 '.

460 2123 546 2177 [De
568 2124 656 2164 illis
676 2124 753 2177 qui
772 2123 984 2164 iniuriam
994 2125 1178 2176 faciunt
1195 2124 1407 2179 Ecclesia]

246 2210 368 2261 (113)
401 2209 624 2262 Quantum
658 2215 929 2263 repungnent
957 2210 1079 2250 saluti
1113 2209 1451 2251 Christianorum
1485 2211 1696 2251 inordina·
1709 2217 1817 2267 Gesta
1835 2217 1869 2250 S.

155 2279 298 2319 ciones
320 2291 401 2331 que
421 2277 528 2318 fiunt
548 2279 589 2319 in
625 2278 804 2319 ecclesia
834 2285 1014 2320 testatur
1047 2279 1296 2333 exemplum
1331 2279 1551 2333 quoddam
1586 2280 1698 2320 inter
1711 2261 1820 2292 Bneu.

158 2354 280 2400 gesta
335 2348 472 2387 sancti
514 2347 656 2397 Bricii,
696 2348 881 2388 condam
924 2349 1119 2400 discipuli
1167 2355 1210 2388 et
1254 2350 1506 2389 successoris
1528 2349 1542 2372 2
1582 2349 1696 2390 beati

161 2417 348 2457 Martini.
411 2416 633 2456 Invenitur
669 2418 784 2457 enim
822 2418 936 2470 quod
970 2431 1066 2457 cum
1089 2423 1260 2458 sanctus
1283 2418 1493 2458 Martinus
1516 2419 1693 2458 missam

156 2484 389 2525 celebraret
411 2485 559 2525 beatus
583 2485 744 2526 Bricius
766 2486 875 2526 vidit
896 2486 1130 2539 dyabolum
1164 2491 1277 2526 retro
1308 2493 1406 2540 post
1435 2486 1569 2527 altare
1598 2488 1696 2527 scri-

158 2551 333 2592 bentem
357 2558 532 2604 peccata
553 2565 635 2604 que
657 2552 817 2593 fiebant
838 2554 881 2592 in
903 2552 1091 2603 ecclesia,
1114 2553 1308 2604 ridendo,
1332 2553 1545 2606 loquendo
1565 2555 1695 2594 servi-

157 2622 268 2662 cium
295 2621 378 2661 Dei
401 2621 692 2673 impediendo,
757 2621 819 2665 Et,
837 2621 1048 2674 dyabolus
1069 2636 1165 2662 cum
1188 2635 1274 2662 non
1295 2622 1474 2663 haberet
1507 2624 1608 2663 satis
1641 2623 1695 2662 de

158 2690 338 2744 per[f0l.
356 2690 382 2730 6
389 2689 642 2743 5l7]gameno
663 2690 811 2730 volens
835 2692 973 2743 ipsum
997 2691 1233 2731 extendere
1254 2692 1367 2744 rupit
1384 2704 1691 2745 pergamenum

158 2765 201 2799 et
221 2758 375 2799 collisit
397 2758 538 2811 capud
561 2758 616 2798 ad
639 2772 820 2801 murum.
885 2759 984 2799 Hoc
1019 2760 1172 2800 videns
1205 2759 1357 2801 beatus
1392 2760 1555 2801 Bricius
1588 2762 1692 2802 risit.

158 2827 387 2869 Celebrata
406 2840 509 2867 vero
532 2828 661 2867 missa
682 2828 831 2868 beatus
855 2829 1066 2869 Martinus
1098 2830 1334 2882 increpavit
1368 2843 1464 2869 eum
1493 2830 1548 2870 de
1582 2831 1693 2881 risu;

524 2917 534 2936 1
550 2918 624 2948 MS.
644 2917 813 2949 afferente.
947 2917 959 2936 2
973 2919 1047 2949 MS.
1067 2918 1324 2950 successoribus.
