2052 3278
125 312 207 342 Luc.
224 313 299 352 xxii,

125 356 178 385 28-
181 365 231 395 30.

122 588 227 628 Apoc.
242 589 319 626 xxii,

124 641 172 670 15.

117 1006 198 1038 Vita
216 1008 250 1039 S.

120 1050 259 1082 Ioannis

119 1093 287 1127 Eleemos.

119 1151 171 1182 Cf.
189 1151 285 1189 V.P.‚

117 1206 148 1235 p.
168 1195 228 1226 188
245 1206 277 1228 a.

118 1282 216 1321 1bid.‚

116 1337 147 1367 p·
168 1336 240 1367 197-

107 2256 157 2287 Cf.
174 2257 300 2289 Ezeeh.

104 2300 159 2338 xii,
181 2310 194 2331 1
205 2311 216 2331 1
231 2310 238 2338 ;

103 2344 188 2382 xxiv,
206 2354 256 2383 22,

104 2396 156 2426 24.

103 2430 184 2472 Sap.
202 2431 245 2468 xi,

105 2483 154 2515 17.

339 193 391 232 62
765 192 958 233 LIBER
992 191 1442 235 EXEMPLORUM

339 323 488 349 mensa
509 309 610 349 dicit
632 309 723 362 ipse
738 308 857 349 Luca
874 308 1103 361 discipulus
1124 322 1243 350 suus:
1278 310 1359 350 Vos
1374 310 1474 351 estis
1487 312 1563 363 qui
1574 310 1877 362 permansistis

338 391 496 418 mecum
539 378 584 417 in
626 376 971 430 temptationibus
1012 378 1149 427 77zez's,·
1206 386 1247 419 et
1284 393 1356 433 ego
1397 380 1570 432 dispono
1611 378 1728 419 vobis
1766 379 1877 419 sicut

336 446 546 499 disposuit
574 446 688 486 mihi
705 453 836 499 pater
865 446 1003 499 [meus
1038 447 1236 501 regnum]
1258 455 1309 488 ut
1335 448 1473 489 edatis
1494 454 1534 488 et
1561 447 1715 488 bibatis
1750 455 1879 500 super

335 529 525 555 mensam
567 529 705 555 meam
747 515 792 554 in
840 528 966 568 regno
1008 529 1105 557 meo,
1167 516 1240 557 Ab
1278 515 1359 558 hac
1400 530 1551 557 mensa
1591 515 1877 557 excluduntur

333 584 612 625 detractores.
667 583 807 625 Canes
837 585 954 624 enim
987 590 1085 625 sunt
1105 585 1159 625 de
1180 586 1331 639 quibus
1352 585 1506 627 dicitur
1520 588 1561 625 in
1584 584 1877 638 Apocalypsi:

333 653 461 692 Foris
500 667 633 695 canes
714 653 905 706 Dignum
950 660 1014 694 est
1063 654 1210 708 utique
1250 661 1297 695 ut
1338 656 1605 696 detractores
1646 653 1749 694 foris
1789 655 1875 696 sint

333 736 357 762 a
392 723 699 763 communione
729 730 975 764 sanctorum
1013 724 1056 763 in
1078 723 1217 777 patria
1248 725 1473 778 segregati,
1496 723 1651 776 quibus
1672 724 1873 764 nimirum

333 792 556 845 indignum
580 798 646 832 est
679 800 925 833 sanctorum
960 792 1098 833 adhuc
1120 794 1335 834 viatorum
1367 798 1532 834 secreta
1553 793 1874 843 communicari,

332 863 440 902 sicut
461 861 698 902 insinuatur
718 861 761 902 in
783 863 872 902 vita
894 864 1031 903 sancti
1067 863 1273 904 Iohannis
1295 862 1538 915 patriarche
1568 861 1872 912 Alexandrini,

331 931 385 971 de
407 945 493 984 quo
514 932 709 973 scribitur
729 932 787 972 sic
808 932 851 971 in
873 931 960 971 vita
980 945 1070 974 sua.

417 1003 536 1056 (109)
571 1002 732 1043 Adhuc
753 1008 899 1043 autem
922 1004 963 1043 in
986 1004 1075 1043 vita
1097 1003 1221 1043 huius
1244 1003 1382 1044 sancti
1417 1003 1647 1043 memorati
1669 1004 1873 1055 reperitur

330 1072 581 1124 exemplum
613 1072 823 1112 memoria
854 1072 1033 1125 dignum
1064 1073 1119 1113 ad
1152 1071 1480 1125 sugillacionem
1512 1072 1795 1113 detraccionis
1827 1079 1871 1112 et

329 1140 586 1181 detractorie
641 1142 945 1182 accusacionis.
1044 1141 1171 1195 Quod
1226 1142 1402 1194 quidem
1458 1141 1710 1194 exemplum
1752 1141 1869 1182 idem

328 1216 500 1250 sanctus
530 1210 584 1250 ad
617 1211 873 1250 memoriam
897 1223 1091 1250 revocare
1122 1216 1400 1251 consueverat
1421 1211 1534 1263 quod
1568 1211 1609 1250 in
1641 1209 1753 1250 hunc
1778 1224 1870 1251 mo-

327 1280 431 1320 dum
454 1279 614 1319 ibidem
645 1279 843 1320 scribitur
864 1278 996 1319 verbo
1017 1278 1072 1318 ad
1094 1278 1282 1320 verbum.
1348 1279 1457 1321 Cum
1481 1279 1766 1320 celebraretur
1796 1279 1869 1320 illa

327 1348 522 1388 maxima
562 1347 751 1400 synodus
792 1347 970 1396 Nicena,
1014 1347 1278 1399 imperatore
1321 1347 1612 1389 Constantino
1655 1354 1865 1401 presente,

326 1417 498 1470 plurimi
519 1431 575 1457 ex
596 1416 756 1456 clericis
778 1429 852 1456 seu
881 1416 1103 1456 monachis
1128 1417 1325 1457 odientes
1348 1417 1532 1457 invicem
1555 1417 1738 1458 invicem
1761 1419 1869 1458 invi-

324 1487 476 1526 dentes
506 1486 712 1526 adversus
743 1484 889 1539 al[s0l.
923 1484 1235 1539 61b]terutrum
1267 1485 1449 1526 cartulas
1481 1485 1648 1526 famosa
1678 1488 1869 1527 carmina

323 1555 390 1595 vel
412 1555 708 1595 accusaciones
728 1554 1005 1594 continentes
1027 1555 1209 1608 principi
1232 1560 1527 1608 porrexerunt.
1591 1555 1678 1609 Qui
1704 1568 1802 1595 cum
1825 1557 1868 1596 in

322 1624 580 1677 quibusdam
595 1622 611 1677 [
708 1622 751 1676 ]1
773 1624 1101 1676 suspicaciones‚
1120 1624 1162 1664 in
1177 1623 1437 1677 quibusdam
1452 1637 1554 1664 vero
1571 1624 1866 1678 calumpniam

322 1699 367 1733 et
403 1694 446 1734 in
481 1692 738 1746 quibusdam
761 1692 1118 1745 deprehendisset
1152 1694 1372 1742 invidiam,
1397 1706 1550 1734 omnes
1571 1692 1665 1733 illas
1688 1694 1866 1747 inscrip-

320 1763 469 1802 ciones
510 1768 555 1802 et
596 1761 785 1802 famosos
822 1761 988 1802 libellos
1025 1763 1145 1802 iussit
1187 1763 1285 1816 igne
1326 1763 1533 1803 consumi.
1616 1761 1792 1804 Adiecit
1823 1769 1867 1804 et

320 1831 498 1872 verbum
536 1832 747 1871 memoria
781 1831 990 1884 dignum:
1024 1832 1164 1872 ‘Vere
1200 1833 1234 1872 si
1271 1832 1456 1885 propriis
1493 1830 1625 1873 oculis
1659 1832 1864 1873 vidissem

319 1901 592 1942 sacerdotem
616 1901 699 1941 Dei
721 1900 789 1941 vel
812 1901 1070 1941 monachum
1103 1901 1440 1955 delinquentem,
1463 1902 1697 1943 clamidem
1720 1915 1862 1942 meam

318 1970 581 2024 explicarem
623 1976 669 2010 ut
720 1971 989 2024 cooperirem
1046 1983 1157 2019 eum,
1199 1985 1253 2012 ne
1309 1971 1365 2013 ab
1418 1972 1563 2025 aliquo
1607 1970 1861 2013 videretur’.

321 2040 514 2093 Explicit
534 2038 990 2093 exemplum—Certe
1022 2041 1286 2082 detractores
1321 2042 1403 2091 isti,
1425 2042 1498 2095 qui
1527 2042 1582 2082 ad
1613 2040 1863 2094 replicanda

319 2108 434 2148 mala
474 2109 774 2161 proximorum
816 2109 904 2149 sive
946 2122 1045 2149 vere
1085 2110 1176 2150 sive
1216 2109 1319 2150 false
1355 2111 1415 2150 ita
1457 2110 1582 2163 proni
1624 2115 1732 2159 sunt,
1773 2123 1862 2150 non

316 2177 498 2219 libenter
539 2179 654 2218 mala
695 2177 877 2218 aliorum
919 2180 1193 2232 cooperiunt:
1234 2180 1350 2220 unde
1391 2186 1521 2221 restat
1555 2180 1760 2220 nimirum
1801 2185 1860 2229 ut,

316 2248 397 2288 nisi
429 2247 509 2288 sibi
540 2248 670 2288 cicius
705 2253 897 2296 caveant,
935 2249 1048 2289 mala
1084 2249 1258 2302 propria
1293 2249 1409 2289 nuda
1445 2254 1489 2289 et
1523 2249 1694 2289 detecta
1714 2262 1860 2290 coram

316 2318 428 2358 iusto
468 2318 606 2358 iudice
647 2317 690 2356 in
731 2315 816 2356 fine
853 2316 1060 2367 deferant,
1098 2323 1143 2358 ut
1185 2317 1415 2371 impleatur
1446 2319 1559 2371 quod
1593 2319 1757 2359 dictum
1793 2324 1861 2358 est

316 2401 340 2427 a
374 2387 566 2428 Domino
597 2398 672 2439 per
706 2385 980 2427 Ezechielem
1014 2386 1299 2440 prophetam:
1333 2387 1570 2441 Quomodo
1603 2386 1702 2428 fecit
1732 2386 1862 2428 facite

316 2457 374 2496 sic
415 2457 476 2497 ei:
518 2462 561 2496 et
594 2456 635 2496 in
667 2454 778 2495 libro
813 2453 1060 2508 Sapientie:
1099 2455 1193 2496 Per
1219 2470 1297 2509 que
1319 2463 1464 2509 peccat
1492 2456 1589 2509 quis
1614 2464 1698 2509 per
1722 2456 1795 2496 laec
1819 2463 1861 2496 et

315 2526 529 2578 punietur.

913 2636 1000 2691 [De
1020 2636 1257 2690 dilatione]

402 2730 517 2780 (110)
563 2728 716 2770 Frater
756 2729 936 2782 quidam
978 2729 1232 2782 predicator,
1273 2729 1328 2769 de
1367 2719 1585 2770 conventu
1636 2728 1854 2782 quondam

315 2796 654 2848 Londoniarum,
704 2796 859 2838 habuit
910 2796 1061 2837 fratem
1114 2797 1313 2838 clericum
1365 2804 1578 2838 rectorem
1631 2797 1856 2837 cuiusdam

790 2887 800 2906 1
813 2887 924 2919 Blank
940 2897 1042 2928 space
1057 2888 1117 2919 left
1134 2887 1182 2919 for
1195 2898 1261 2920 one
1274 2887 1373 2921 word.
