2052 3278
86 1872 173 1912 Aug.
192 1870 233 1901 de

87 1915 160 1946 Civ.
180 1914 255 1952 Dei,

85 1958 142 1989 lib.
160 1958 236 1994 xxii,

83 2011 159 2043 cap.
178 2002 208 2032 8.

82 2795 168 2826 Ibid¹

303 230 359 280 46
731 227 922 268 LIBER
954 226 1408 268 EXEMPLORUM

304 345 628 385 medicamentis
651 344 899 385 sanabilem.
962 343 1054 384 Aut
1076 356 1180 396 ergo
1201 342 1360 396 precidi
1382 343 1490 383 solet
1512 341 1753 382 membrum
1771 342 1842 383 ubi

301 416 498 463 nascitur,
519 420 602 463 aut,
623 419 670 454 ut
689 413 910 466 aliquanto
930 411 1062 452 homo
1084 412 1245 452 diucius
1266 413 1393 461 vivat,
1415 417 1562 452 tamen
1584 411 1684 451 inde
1705 417 1845 452 morte

300 483 538 537 quamlibet
560 484 721 523 tardius
741 481 939 530 affutura,
960 481 1192 522 secundum
1210 481 1442 534 Ypocratis
1457 486 1504 521 ut
1520 480 1658 521 ferunt
1672 487 1844 521 senten-

299 553 404 593 tiam
441 553 580 593 omnis
611 559 677 592 est
711 551 954 592 omittenda
984 552 1162 592 curaeio.
1224 551 1324 591 Hoc
1356 550 1426 590 illa
1446 565 1470 590 a
1502 549 1640 603 perito
1672 549 1842 590 medico

298 629 341 663 et
373 636 448 663 sue
479 622 626 662 domui
657 620 986 661 familiarissimo
1016 626 1253 673 acceperat,
1284 626 1328 660 et
1360 620 1414 660 ad
1451 620 1593 660 Deum
1628 619 1765 659 solum
1799 632 1844 659 se

299 691 464 731 orando
498 696 778 732 converterat.
871 689 1147 729 Admonetur
1187 690 1229 729 in
1281 689 1475 741 sompnis
1527 687 1843 741 propinquante

301 759 465 800 Pascha
495 765 541 800 ut
573 760 615 800 in
647 766 769 812 parte
798 758 1055 799 feminarum
1092 757 1413 798 observancium
1450 756 1505 796 ad
1542 754 1842 809 baptisterium

298 829 390 882 ipsa
411 835 553 878 staret,
576 842 827 882 quecunque
848 828 905 869 illi
928 828 1147 881 baptizata
1161 828 1357 881 primitus
1371 825 1630 876 occurrisset,
1653 826 1844 879 signaret

296 900 334 939 ei
367 899 506 939 locum
537 899 662 951 signo
695 898 878 940 Christi:
913 897 1055 951 fe[f0l.
1083 897 1239 950 5ob]cit
1257 910 1265 945 ;
1299 896 1521 936 confestim
1550 896 1711 935 sanitas
1741 908 1842 935 con-

299 974 444 1008 secuta
466 974 543 1017 est,
566 968 674 1008 sicut
694 967 752 1008 illi
769 968 931 1008 civitati
949 981 1026 1020 per
1047 967 1231 1007 eandem
1254 965 1451 1005 innotuit.
1514 964 1716 1006 Medicus
1738 977 1843 1005 sane

298 1040 372 1092 qui
407 1040 445 1078 ei
481 1039 651 1078 dixerat
690 1044 737 1078 ut
772 1037 876 1077 nihil
911 1038 1147 1077 curacionis
1184 1035 1406 1077 adhiberet
1442 1035 1475 1075 si
1513 1035 1641 1088 paulo
1677 1035 1841 1075 diucius

297 1107 426 1148 vellet
448 1107 601 1156 vivere,
622 1119 717 1147 cum
740 1106 1000 1159 inspexisset
1022 1118 1118 1146 eam
1152 1112 1305 1158 postea
1340 1110 1382 1145 et
1416 1104 1688 1145 sanissimam
1723 1117 1840 1144 com-

297 1178 475 1231 perisset
494 1190 625 1230 quam
648 1177 764 1229 prius
796 1175 957 1216 habere
990 1174 1090 1214 illud
1128 1175 1287 1215 malum
1324 1173 1398 1214 tali
1431 1174 1709 1226 inspexcione
1740 1187 1840 1226 cog-

296 1253 489 1297 noverat,
522 1245 704 1299 quesivit
736 1244 791 1286 ab
823 1258 873 1284 ea
908 1244 1189 1284 vehementer
1222 1243 1324 1295 quid
1359 1242 1632 1290 adhibuisset,
1665 1243 1841 1295 cupiens

297 1316 533 1368 intelligere
572 1320 615 1354 et
655 1327 781 1354 nosse
821 1313 1186 1353 medicamentum
1235 1325 1321 1364 quo
1368 1312 1597 1365 Ypocratis
1639 1311 1842 1352 diffinitio

296 1385 539 1426 solveretur.
614 1383 810 1435 Cumque
844 1382 900 1422 ab
930 1395 980 1422 ea
1016 1382 1119 1434 quid
1156 1381 1319 1422 factum
1359 1386 1470 1421 esset
1501 1381 1699 1430 audisset,
1733 1395 1841 1422 voce

296 1454 422 1494 velud
443 1453 791 1506 contempnentis
811 1458 854 1492 et
887 1451 1018 1500 vultu,
1056 1452 1115 1491 ita
1146 1458 1192 1491 ut
1228 1450 1300 1490 illa
1334 1456 1544 1491 metueret
1576 1463 1631 1490 ne
1665 1450 1839 1503 aliquod

296 1523 653 1564 contumeliosum
686 1522 864 1562 verbum
894 1521 1103 1574 proferret
1134 1520 1176 1560 in
1208 1520 1440 1568 Christum,
1466 1519 1646 1573 religosa
1672 1520 1841 1561 urbani-

294 1599 383 1634 tate
423 1592 691 1646 respondisse
729 1591 884 1631 fertur:
928 1590 1183 1640 ‘Putabam‚
1224 1589 1386 1643 inquid,
1427 1602 1632 1643 magnum
1680 1589 1841 1642 aliquid

297 1669 340 1703 te
375 1661 480 1702 mihi
512 1661 640 1701 fuisse
672 1660 882 1701 dicturam
896 1660 915 1702 '.
978 1658 1127 1712 Atque
1156 1659 1226 1699 illa
1252 1660 1337 1700 iam
1360 1656 1713 1699 exhorrescente1
1735 1672 1840 1699 mox

297 1731 465 1771 addidit
484 1746 490 1770 :
527 1735 534 1751 ‘
550 1730 666 1783 Quid
685 1730 849 1783 grande
866 1729 964 1770 fecit
983 1728 1176 1771 Christus
1193 1742 1343 1768 sanare
1360 1741 1559 1768 cancrum
1577 1728 1649 1781 qui
1670 1728 1841 1781 quadri-

297 1801 487 1841 duanum
509 1799 763 1854 [mortuum]
785 1799 1003 1840 suscitavit
1018 1798 1056 1840 ?'

387 1872 474 1920 (78)
528 1869 679 1910 Refert
725 1868 864 1909 adhuc
905 1868 965 1908 ita
1007 1868 1167 1908 ibidem
1211 1866 1494 1920 Augustinus.
1586 1866 1838 1906 Mendicum

297 1939 516 1992 quendam
552 1938 795 1991 podagrum
827 1937 870 1976 in
906 1936 1061 1977 eadem
1096 1935 1214 1984 urbe,
1247 1948 1344 1976 cum
1375 1935 1565 1976 dedisset
1595 1948 1754 1976 nomen
1784 1935 1839 1976 ad

296 2006 571 2061 baptismum,
607 2013 651 2047 et
684 2006 818 2060 pridie
850 2019 981 2059 quam
1013 2006 1320 2058 baptizaretur,
1351 2006 1394 2044 in
1423 2005 1616 2058 sompnis
1644 2017 1669 2044 a
1698 2006 1839 2058 pueris

291 2078 424 2131 nigris
446 2078 614 2126 curatis,
634 2089 742 2130 quos
765 2075 1033 2128 intelligebat
1053 2076 1274 2122 demones,
1297 2074 1507 2127 baptizari
1539 2074 1693 2115 eodem
1725 2087 1838 2114 anno

291 2145 533 2200 prohibitus
553 2145 712 2193 fuisset,
730 2145 876 2198 eisque
896 2158 982 2184 non
999 2143 1317 2197 obtemperans,
1337 2144 1472 2183 eciam
1490 2143 1840 2183 conculcantibus

293 2216 425 2270 pedes
459 2217 546 2256 eius
579 2216 621 2255 in
655 2215 851 2257 dolorem
884 2215 1139 2254 acerrimum
1172 2213 1344 2266 qualem
1378 2226 1601 2266 nunquam
1634 2219 1838 2266 expertus

294 2291 370 2334 est,
401 2290 624 2334 estuasset,
656 2285 880 2336 magisque
905 2297 979 2323 eos
1009 2284 1184 2323 vincens
1217 2283 1386 2322 lavacro
1416 2283 1760 2334 regeneracionis
1791 2288 1838 2323 ut

295 2360 473 2395 voverat
506 2353 621 2395 ablui
653 2366 741 2393 non
777 2352 1024 2402 distulisset,
1064 2353 1105 2392 in
1146 2351 1411 2404 baptismate
1443 2351 1539 2404 ipso
1569 2364 1658 2391 non
1695 2351 1836 2391 solum

294 2423 442 2464 dolore
482 2436 568 2476 quo
608 2422 719 2462 ultra
754 2422 924 2461 solitum
966 2421 1241 2470 cruciabatur,
1280 2433 1427 2461 verum
1469 2421 1602 2460 etiam
1643 2421 1838 2473 podagra

293 2492 489 2540 caruisse,
516 2504 595 2531 nec
626 2490 827 2543 ampliUS,
858 2489 1068 2542 quamdiu
1099 2495 1253 2542 postea
1274 2490 1468 2538 vixisset,
1492 2489 1625 2542 pedes
1649 2488 1836 2529 doluisse

292 2563 386 2614 quis
422 2561 574 2602 novit?
637 2560 731 2601 Nos
768 2566 913 2600 tamen
950 2559 1152 2600 novimus
1184 2564 1227 2599 et
1261 2558 1509 2612 paucissimi
1545 2558 1697 2599 fratres
1731 2558 1835 2612 [fol.

296 2631 394 2684 51a]
418 2630 471 2671 ad
495 2643 601 2684 quos
622 2629 665 2670 id
689 2630 832 2682 potuit
854 2629 1086 2682 pervenire.
1141 2627 1256 2669 Sane
1277 2628 1334 2668 sic
1357 2628 1544 2681 loquitur
1563 2628 1834 2682 Augustinus

290 2700 410 2740 illum
434 2699 752 2753 reprehendens
774 2698 846 2751 qui
868 2698 951 2738 hoc
973 2697 1228 2738 miraculum
1252 2711 1340 2737 non
1362 2698 1568 2751 vulgavit.

382 2772 468 2822 (79)
524 2768 683 2809 Adhuc
724 2769 902 2821 quidam
946 2767 1238 2809 Curubitanus
1279 2767 1333 2807 de
1377 2766 1564 2808 Curubia
1604 2765 1704 2807 villa
1745 2779 1833 2806 non

292 2837 430 2879 solum
459 2851 484 2878 a
515 2837 688 2891 paralisi
719 2850 870 2877 verum
898 2836 1026 2876 etiam
1060 2835 1115 2876 ab
1147 2835 1319 2876 informi
1346 2835 1541 2889 pondere
1568 2835 1832 2888 genitalium,

854 2926 865 2945 1
884 2926 957 2957 MS.
983 2936 1021 2957 ex
1038 2926 1102 2957 hac
1116 2932 1291 2957 crescente.
