2052 3278
756 214 842 282 DE
876 241 1198 283 BAPTISMO
1690 251 1741 293 45

291 359 335 411 (7
344 359 384 412 5)
415 356 548 399 Aliud
570 357 819 410 exemplum
842 357 900 397 ibi
935 358 1143 410 reperitur
1165 363 1316 398 contra
1349 357 1503 397 divites
1526 362 1570 396 et
1597 370 1748 397 avaros

203 428 322 468 cuius
340 429 421 468 iste
443 432 587 468 textus
610 432 689 468 est.
755 425 961 466 Narravit
988 427 1165 479 quidam
1188 440 1245 466 ex
1266 425 1461 479 patribus
1482 425 1535 465 de
1557 426 1747 478 quodam

204 509 319 547 sene,
342 498 441 550 quia
461 497 639 536 veniens
659 495 893 547 aliquando
925 496 966 534 in
999 495 1217 535 civitatem
1250 494 1435 547 contigit
1467 508 1566 534 eum
1600 495 1748 534 sedere
1760 500 1934 538 V.P.‚V1‚

203 571 305 605 ante
327 566 500 605 ianuam
524 564 668 604 divitis
689 564 911 603 cuiusdam
929 564 999 616 qui
1017 565 1103 604 iam
1121 564 1397 605 moriebatur.
1462 563 1629 604 Sedens
1647 575 1749 616 ergo
1761 543 1917 625 ξὲἑῗλὶἰί,

205 647 342 674 senex
373 634 440 674 ille
473 633 578 674 vidit
610 646 744 686 equos
777 633 924 685 nigros
955 639 998 672 et
1023 633 1231 673 terribiles
1263 640 1306 673 et
1336 646 1525 673 sessores
1559 632 1747 685 singulos
1761 630 1864 704 &460³-

204 702 415 743 habentes
437 702 627 755 singulos
649 700 829 742 baculos
863 702 1015 754 igneos
1049 702 1091 741 in
1115 701 1313 742 manibus
1337 702 1437 742 suis.
1501 701 1611 742 Cum
1645 714 1748 741 vero
1843 697 1849 704 ’

206 774 502 825 pervenissent
524 772 579 812 ad
600 773 771 812 ianuam
805 771 935 820 illam,
958 776 1203 811 statuerunt
1224 785 1359 824 equos
1379 770 1495 811 foras
1513 777 1556 811 et
1579 771 1752 811 intravit

206 843 497 895 unusquisque
531 854 627 881 cum
670 840 970 881 festinacione.
1055 840 1256 880 Infirmus
1297 846 1443 880 autem
1484 840 1634 880 videns
1676 853 1752 880 eos

207 911 412 951 clamavit
441 923 543 950 voce
575 922 735 962 magna
766 909 939 949 dicens:
972 908 1199 957 ‘Domine‚
1231 908 1386 948 adiuva
1417 921 1487 948 me
1502 908 1519 949 '.
1599 908 1664 949 At
1696 908 1754 948 illi

206 981 408 1020 dixerunt
430 980 512 1020 illi:
556 979 708 1019 ‘Nunc
730 977 868 1019 factus
890 991 936 1018 es
957 990 1128 1018 memor
1149 978 1234 1018 Dei
1267 978 1443 1031 quando
1475 978 1552 1019 tibi
1589 978 1651 1018 sol
1678 978 1753 1019 ob-

208 1055 401 1089 scuratus
422 1053 518 1090 est?
579 1047 726 1101 Quare
746 1061 882 1100 usque
903 1047 958 1087 ad
992 1046 1246 1087 hodiernum
1279 1046 1395 1087 diem
1418 1059 1506 1087 non
1529 1047 1753 1099 exquisisti

207 1131 320 1168 eum,
342 1118 444 1158 dum
467 1118 608 1158 adhuc
629 1116 707 1157 tibi
729 1122 822 1157 erat
858 1116 1061 1169 splendor
1093 1116 1208 1156 diei?
1271 1115 1398 1156 Nunc
1430 1121 1576 1156 autem
1607 1116 1650 1155 in
1674 1116 1754 1156 hac

207 1187 310 1227 hora
331 1200 422 1227 non
441 1191 507 1227 est
527 1185 603 1227 tibi
626 1187 775 1239 porcio
795 1186 887 1238 spei
907 1198 1048 1238 neque
1070 1184 1412 1227 consolacionis.’
1489 1184 1694 1238 Explicit.

296 1257 384 1307 (76)
419 1255 640 1308 Quoniam
678 1261 825 1295 autem
859 1268 950 1295 non
985 1253 1169 1295 habetur
1205 1267 1411 1307 expresse
1446 1259 1588 1295 utrum
1625 1255 1755 1295 miser

209 1325 288 1366 iste
309 1324 619 1378 dampnaretur
646 1330 722 1364 aut
755 1324 969 1377 peniteret
999 1325 1042 1363 in
1076 1323 1287 1364 extremis
1317 1329 1361 1364 et
1392 1323 1573 1364 salutem
1607 1337 1756 1364 conse-

208 1400 423 1448 queretur,
457 1395 615 1435 idcirco
646 1393 904 1447 quibusdam
942 1394 1082 1435 verbis
1122 1400 1269 1446 potest
1308 1394 1505 1434 concludi
1545 1395 1754 1444 narracio,

192 1463 376 1517 quibus,
409 1463 530 1504 salva
562 1464 757 1512 veritate,
789 1468 926 1503 terror
957 1463 1230 1504 audientibus
1263 1463 1508 1504 incuciatur.
1569 1462 1757 1504 Constat

211 1534 325 1573 enim
347 1533 461 1573 hunc
481 1532 613 1572 fuisse
636 1533 839 1572 miserum
856 1538 899 1572 et
913 1533 1001 1572 cito
1020 1537 1121 1585 post
1137 1531 1266 1572 fuisse
1283 1538 1516 1575 mortuum.
1580 1532 1760 1573 Dicatur

212 1614 315 1655 ergo
336 1607 436 1655 post
457 1601 589 1641 finem
611 1601 874 1641 narracionis
895 1600 1131 1654 imme[s0l.
1161 1600 1378 1654 5oa]diate
1398 1601 1478 1642 sub
1508 1600 1586 1641 hac
1617 1601 1759 1642 forma

212 1683 285 1710 seu
308 1683 394 1723 per
425 1669 536 1710 hunc
572 1670 749 1710 modum
765 1669 969 1710 :—Miser
1004 1669 1084 1709 iste
1118 1670 1204 1710 cito
1232 1675 1330 1722 post
1363 1669 1439 1710 ivit
1470 1670 1585 1709 viam
1619 1683 1754 1712 suam.

216 1739 301 1780 Ivit
322 1745 369 1780 ut
384 1739 512 1792 vulgo
534 1738 688 1779 dicitur
715 1732 774 1779 ¹ad
807 1750 929 1778 suam
962 1738 1137 1791 longam
1171 1737 1489 1779 habitacionem
1524 1738 1595 1779 ubi
1627 1738 1758 1779 habet

214 1809 330 1862 quod
353 1808 422 1849 hic
445 1809 613 1850 meruit.
677 1807 795 1861 Quid
816 1808 853 1848 ei
878 1808 1010 1848 modo
1023 1812 1204 1861 prosunt
1225 1807 1379 1847 divicie
1401 1812 1503 1848 sue?
1566 1807 1665 1860 Ipse
1686 1809 1758 1861 qui

215 1883 392 1931 propter
412 1876 712 1917 collectionem
733 1882 777 1917 et
797 1877 1027 1917 avariciam
1049 1889 1171 1917 suam
1189 1877 1382 1929 equitare
1403 1875 1532 1917 debet
1552 1890 1649 1917 curn
1667 1876 1759 1917 tali-

215 1947 294 1988 bus
307 1946 617 2000 equitatoribus
631 1947 686 1986 ad
702 1947 928 1987 ardentem
945 1952 1124 2000 puteum
1138 1945 1304 1995 inferni,
1319 1945 1469 1985 melius
1485 1951 1578 1987 erat
1590 1947 1629 1986 ei
1645 1952 1760 1986 certe

217 2017 332 2069 quod
365 2029 585 2069 nunquam
622 2016 846 2056 denarium
877 2015 1056 2065 vidissit,
1081 2015 1231 2056 melius
1263 2020 1355 2054 erat
1388 2015 1504 2067 quod
1539 2029 1758 2068 nunquam

217 2086 370 2126 fuisset
391 2092 528 2134 natuS‚
550 2084 650 2138 quia
670 2085 915 2126 eternaliter
945 2084 1207 2138 dampnatus
1228 2090 1306 2126 est.
1367 2084 1553 2137 Anglice
1583 2084 1735 2124 dicitur
1753 2099 1761 2124 2

419 2187 523 2241 hym
546 2201 657 2228 were
678 2188 817 2229 bettre
837 2188 911 2241 bat
932 2187 986 2227 he
1007 2200 1061 2228 ne
1082 2200 1191 2228 were
1212 2199 1266 2227 ne
1287 2199 1417 2227 neuer
1437 2186 1571 2227 boren

421 2255 488 2297 for
508 2256 576 2297 liif
590 2257 677 2297 and
699 2256 818 2297 soule
838 2256 893 2296 he
913 2256 978 2296 his
999 2256 1197 2297 forloren.

223 2358 322 2398 Hiis
343 2357 481 2399 verbis
503 2363 576 2399 aut
597 2358 690 2398 aliis
710 2357 999 2400 consimilibus
1024 2363 1166 2411 potest
1198 2357 1448 2410 exemplum
1472 2363 1760 2398 memoratum

221 2427 451 2469 terminari.

798 2545 884 2599 [De
915 2544 1156 2598 baptisma]

308 2637 397 2690 (77)
432 2636 506 2677 Ad
527 2636 957 2676 commendacionem
978 2637 1149 2676 virtutis
1169 2642 1213 2676 et
1232 2634 1366 2689 gratie
1387 2635 1613 2688 baptizalis
1633 2635 1759 2676 refert
1771 2647 1859 2687 Aug.
1879 2646 1922 2677 de

221 2707 406 2760 quedam
429 2704 638 2746 mirabilia
657 2704 806 2745 beatus
828 2704 1097 2757 Augustinus
1120 2705 1174 2745 de
1188 2705 1346 2744 virtute
1363 2703 1567 2756 baptismi
1589 2703 1631 2742 in
1654 2704 1761 2744 libro
1772 2689 1939 2764 &33ssssss

222 2776 275 2815 de
305 2775 490 2816 Civitate
523 2773 606 2813 Dei
631 2786 813 2826 quorum
842 2773 1028 2826 primum
1055 2778 1120 2813 est
1139 2771 1231 2813 hoc.
1301 2773 1349 2812 In
1373 2772 1605 2825 Cartagine
1631 2773 1759 2813 Inno-
1772 2759 1846 2817 cai>-
1865 2777 1895 2808 8.
1916 2758 1923 2771 ’

221 2844 377 2893 cencia‚
412 2841 729 2895 religiosissima
765 2841 937 2891 femina,
974 2841 1030 2882 de
1064 2841 1277 2894 primariis
1315 2841 1447 2893 ipsius
1483 2841 1682 2891 civitatis,
1718 2841 1760 2881 in

225 2913 414 2954 mamilla
446 2925 646 2953 cancrum
693 2910 903 2961 habebat3
955 2924 1056 2960 rem,
1097 2910 1204 2951 sicut
1246 2911 1399 2950 medici
1439 2911 1596 2961 dicunt,
1637 2911 1762 2951 nullis
