2052 3278
659 238 744 279 DE
779 238 1223 282 CONFESSIONE
1661 253 1706 296 51

175 352 319 393 Nichil
341 354 456 393 enim
482 352 708 393 confundit
740 359 783 393 et
816 354 952 395 allidit
982 356 1184 396 virtutem
1211 356 1459 414 demonum,
1491 360 1713 410 quomodo

171 422 206 461 si
229 423 322 474 quis
344 427 508 462 secreta
528 421 829 462 inmundarum
851 424 1166 476 cogitacionum
1190 425 1350 465 sanctis
1379 439 1427 466 ac
1453 426 1712 469 beatissimis

175 491 366 544 patribus
389 491 556 531 revelet.

751 604 837 657 [De
856 606 1138 661 confessione]

263 698 347 749 (95)
386 697 455 738 De
503 695 768 736 confessione
809 696 964 736 similia
1014 703 1237 739 occurrunt
1278 700 1495 753 exempla,
1538 701 1712 742 silencio

170 765 316 817 utique
337 778 421 805 non
454 764 649 818 tegenda,
675 765 729 805 de
761 765 917 818 quibus
938 766 1020 806 hoc
1041 779 1172 807 unum
1207 781 1325 821 pono
1348 770 1389 808 in
1411 769 1626 824 principio
1655 770 1711 811 de

170 847 257 886 quo
299 832 470 886 plenam
504 833 804 874 certitudinem
836 833 982 875 habes.
1058 835 1211 876 Frater
1239 836 1388 877 Adam
1421 837 1561 889 Habe,
1599 838 1712 880 bone

171 904 389 952 memorie,
408 902 540 943 frater
557 903 702 955 utique
719 908 890 943 sanctus
911 909 955 943 et
970 903 1206 957 religiosuS,
1223 918 1392 946 necnon
1409 913 1452 947 et
1466 908 1712 959 predicator

170 967 356 1009 famosus
370 974 413 1009 et
429 969 591 1022 absque
606 968 738 1009 dubio
752 968 1005 1022 fructuosus,
1024 970 1101 1010 fuit
1118 972 1159 1010 in
1177 977 1372 1024 tempore
1386 985 1486 1013 meo
1501 974 1544 1012 in
1562 974 1711 1014 ordine

168 1042 327 1087 nostro,
351 1039 421 1090 qui
443 1043 486 1078 et
506 1044 650 1078 custos
672 1051 792 1078 meus
823 1038 1057 1092 aliquando
1080 1039 1171 1080 fuit.
1235 1040 1385 1080 Frater
1406 1041 1497 1091 iste,
1521 1043 1709 1094 quadam

167 1106 269 1155 vice,
311 1120 408 1148 cum
454 1106 624 1147 fecisset
664 1120 865 1160 magnam
907 1108 1056 1161 populi
1098 1110 1467 1160 convocationem,
1512 1111 1583 1151 die
1623 1123 1709 1164 qua

169 1175 413 1228 predicavit,
436 1182 667 1229 antequam
690 1176 872 1229 populus
893 1178 1174 1226 convenisset,
1196 1179 1311 1219 venit
1334 1178 1390 1218 ad
1412 1192 1510 1219 eum
1531 1180 1707 1233 quidam

167 1250 210 1285 et
242 1244 417 1297 petebat
437 1245 752 1286 confessionem
769 1259 776 1294 ;
811 1251 853 1286 et
874 1259 999 1286 causa
1020 1259 1154 1299 quare
1174 1248 1292 1287 venit
1312 1247 1366 1287 ad
1389 1246 1708 1290 confessionem

165 1311 245 1354 fuit
273 1313 362 1362 hec,
394 1315 502 1355 sicut
534 1314 673 1354 eidem
708 1314 828 1355 fratri
864 1314 1084 1356 referebat.
1147 1315 1315 1356 Eadam
1350 1317 1560 1370 siquidem
1584 1323 1709 1358 nocte

166 1382 256 1434 ipse
278 1383 352 1422 ivit
373 1383 486 1423 solus
507 1383 562 1423 de
587 1396 670 1423 una
692 1383 791 1424 villa
824 1384 878 1424 ad
901 1384 1007 1437 [fol.
1035 1383 1133 1438 54a]
1155 1383 1305 1436 aliam3
1336 1391 1379 1426 et
1400 1399 1498 1426 cum
1521 1393 1635 1427 esset
1664 1387 1707 1427 in

168 1451 246 1500 via,
270 1452 378 1492 vidit
409 1466 434 1492 a
465 1452 594 1505 longe
628 1453 810 1493 bestiam
843 1453 1062 1506 quandam
1095 1467 1225 1507 supra
1253 1454 1433 1495 modum
1456 1456 1706 1497 horribilem

166 1533 313 1560 versus
353 1522 495 1574 ipsum
546 1522 801 1562 venientem.
885 1522 948 1561 [ta
1005 1521 1082 1561 fuit
1119 1521 1332 1563 horribilis
1383 1525 1502 1576 quod
1558 1526 1706 1566 statim

165 1587 378 1629 intellexit
411 1590 526 1642 quod
560 1596 651 1630 erat
682 1590 897 1643 dyabolus
928 1591 971 1630 in
1000 1590 1141 1644 effigie
1172 1590 1281 1632 illius
1315 1591 1452 1633 bestie
1482 1592 1705 1635 horribilis.

170 1658 269 1711 Ipse
289 1671 392 1711 ergo
412 1661 528 1700 stetit
548 1665 674 1700 tanto
705 1661 861 1700 timore
882 1673 1104 1713 percussus
1136 1661 1254 1713 quod
1277 1661 1364 1701 fere
1391 1660 1471 1702 fuit
1492 1669 1618 1703 extra
1649 1676 1705 1704 se.

168 1726 376 1781 Cogitans
410 1741 516 1782 ergo
550 1728 652 1781 quid
686 1717 766 1770 sibi
799 1736 912 1770 esset
945 1729 1171 1783 agendum,
1203 1730 1376 1770 adiutus
1406 1731 1565 1771 lumine
1595 1731 1705 1782 fidei,

167 1796 263 1836 licet
300 1802 495 1849 peccator
529 1803 654 1847 esset,
696 1799 844 1839 statim
885 1811 982 1839 cum
1024 1799 1158 1838 securi
1199 1799 1288 1839 sive
1323 1799 1529 1852 bipenni1
1572 1813 1705 1853 quam

167 1878 297 1906 manu
332 1866 530 1919 gestabat
566 1866 665 1907 fecit
700 1868 808 1907 circa
843 1881 887 1908 se
922 1866 1124 1908 circulum
1156 1881 1287 1908 unum
1320 1869 1374 1908 de
1407 1869 1538 1922 signis
1573 1870 1705 1910 crucis

167 1933 339 1975 Christi.
401 1934 621 1988 Cogitavit
654 1942 798 1977 autem
831 1943 875 1977 et
907 1937 1052 1977 timuit
1084 1937 1197 1990 quod
1225 1944 1404 1990 propter
1425 1946 1599 1991 peccata
1631 1952 1706 1980 sua

165 2003 348 2044 traditus
380 2010 494 2045 esset
525 2004 567 2044 in
601 2011 865 2057 potestatem
898 2004 1086 2059 dyaboli,
1108 2010 1151 2045 et
1184 2005 1397 2046 intellexit
1429 2006 1540 2047 bene
1574 2008 1704 2060 quod,

164 2072 246 2112 nisi
267 2071 351 2112 Dei
374 2073 606 2125 adjutorio,
631 2073 867 2126 dyabolum
902 2088 991 2115 non
1023 2080 1170 2127 posset
1202 2075 1395 2116 evadere.
1456 2075 1703 2117 Attendens

163 2153 268 2194 ergo
290 2142 405 2194 quod
429 2142 547 2182 Deus
570 2143 816 2183 misericors
836 2149 902 2184 est
921 2149 963 2183 et
984 2144 1162 2197 pronior
1182 2144 1236 2184 ad
1259 2145 1549 2185 miserandum
1573 2159 1702 2198 quam

164 2210 587 2264 condempnandum,
603 2211 806 2252 clamavit
822 2213 876 2252 ad
897 2212 1151 2262 Dominum,
1169 2212 1315 2252 dicens
1335 2227 1343 2255 :
1369 2214 1597 2264 ‘Domine,
1614 2227 1704 2255 non

163 2277 304 2319 habeo
327 2280 594 2321 sacerdotem
616 2282 680 2320 cui
715 2282 878 2333 possim
902 2286 1078 2334 peccata
1105 2294 1202 2321 mea
1224 2282 1430 2324 confiteri.
1493 2283 1704 2324 Promitto

163 2346 240 2387 tibi
272 2348 388 2400 quod
421 2362 502 2402 ego
534 2349 750 2390 dimittam
775 2357 949 2403 peccata
981 2364 1089 2398 mea,
1122 2355 1165 2390 et
1196 2364 1285 2390 non
1317 2350 1481 2391 habens
1503 2351 1616 2391 aliud
1640 2365 1702 2392 re-

164 2416 330 2470 fugium
347 2417 412 2457 cui
430 2423 605 2470 peccata
622 2431 717 2458 mea
733 2420 903 2459 interim
926 2419 1062 2459 donec
1085 2418 1139 2458 ad
1161 2419 1431 2460 sacerdotem
1453 2420 1700 2473 perveniam

162 2485 379 2534 confiteor,
402 2485 604 2535 Domine,
628 2487 779 2539 inquit,
803 2486 881 2527 hec
903 2486 983 2527 feci
1007 2493 1051 2527 et
1071 2485 1162 2536 hec,
1184 2493 1228 2527 et
1259 2486 1349 2537 hec,
1372 2493 1414 2527 et
1436 2488 1494 2527 sic
1516 2493 1559 2527 et
1591 2489 1650 2528 sic
1666 2490 1674 2504 ⁷
1693 2504 1702 2539 ;

161 2560 205 2594 et
238 2555 297 2594 ita
338 2560 515 2607 peccata
550 2567 626 2594 sua
658 2555 758 2596 Deo
797 2556 1094 2606 confitebatur,
1130 2557 1215 2596 acsi
1253 2568 1352 2596 eum
1388 2556 1704 2609 presentialiter

160 2636 303 2663 coram
344 2637 389 2663 se
428 2623 600 2664 videret.
665 2624 724 2665 Et
764 2638 871 2674 ecce,
914 2625 1031 2678 quod
1074 2626 1191 2665 dictu
1234 2625 1428 2665 mirabile
1465 2631 1541 2675 est,
1585 2626 1702 2667 inmo

161 2690 298 2743 magis
331 2688 592 2739 delectabile,
616 2703 745 2743 quam
777 2692 865 2731 cito
897 2691 1117 2731 confessus
1139 2691 1277 2731 suerat
1310 2704 1443 2731 unum
1465 2698 1699 2744 peccatum,

159 2759 304 2799 statim
338 2771 529 2798 crescere
561 2760 674 2812 cepit
707 2760 817 2800 circa
850 2773 894 2800 se
927 2773 1070 2800 murus
1101 2774 1217 2801 unus<
1242 2759 1551 2812 aliquantulum
1574 2775 1702 2814 super

163 2833 334 2868 terram.
398 2827 472 2867 Ad
503 2827 826 2869 confessionem
859 2842 961 2869 vero
992 2829 1163 2870 alterius
1191 2830 1355 2882 peccati
1378 2829 1471 2882 plus
1501 2828 1636 2870 crevit
1657 2829 1700 2869 in

796 2918 806 2937 ¹
825 2918 897 2949 MS.
915 2918 1066 2950 bibenni.
