2052 3278
266 282 323 321 44
703 271 896 312 LIBER
929 271 1378 315 EXEMPLORUM

265 385 486 439 paciencia
507 386 812 440 longanimiter
833 394 1052 440 expectat.
1116 388 1232 429 Nam
1250 389 1308 430 illi
1341 396 1475 431 tetros
1508 390 1679 443 spiritus
1712 396 1816 430 ante

266 461 452 495 mortem
470 454 628 496 vidisse
649 462 692 496 et
715 457 909 496 inducias
930 458 1090 510 petisse
1112 458 1212 510 quid
1235 459 1409 512 profuit,
1442 460 1515 513 qui
1549 459 1724 499 easdem
1753 459 1816 499 in-

264 523 410 564 ducias
432 538 539 577 quas
559 526 687 578 peciit
710 525 889 566 minime
910 527 1109 580 accepit?
1170 527 1378 582 Explicit.

355 594 443 645 (73)
479 592 689 646 Quamvis
711 599 859 635 autem
875 596 918 635 in
936 596 1020 636 hoc
1037 596 1241 650 exemplo
1261 597 1502 638 Crisaurius
1520 597 1672 651 plenus
1686 595 1816 637 fuisse

266 661 457 715 [dicitur]
479 664 596 703 viciis
631 669 675 704 et
705 665 861 711 merito
890 671 959 706 tot
991 666 1198 706 viciorum
1231 672 1323 707 tam
1352 665 1583 707 miserabili
1605 665 1818 718 dampna-

264 733 390 772 cio'ne
415 734 655 784 conclusus,
678 735 779 787 quia
810 741 960 776 tamen
992 736 1104 776 inter
1126 736 1209 777 alia
1231 737 1338 777 vicia
1369 737 1412 776 in
1444 735 1725 789 adquirendis
1753 748 1817 775 re-

264 801 343 842 bus
365 803 521 843 dicitur
542 802 671 844 fuisse
699 805 883 845 avaricie
906 804 1070 846 facibus
1093 805 1325 860 accen[f0l.
1348 805 1535 860 490]sus,
1568 806 1731 845 idcirco
1762 805 1818 845 de

264 872 470 925 exemplo
492 873 722 926 proposito
749 874 992 927 specialiter
1013 881 1165 915 contra
1187 875 1418 917 avariciam
1450 881 1599 928 potest
1621 873 1732 915 sumi
1754 875 1817 914 in-

263 943 410 983 veccio
442 957 518 996 per
549 944 662 984 hunc
693 945 883 985 modum.
945 944 1106 986 Beatus
1130 944 1364 999 Gregorius
1393 945 1645 998 exemplum
1666 950 1817 985 narrat

264 1012 454 1053 terribile
475 1013 530 1053 de
550 1014 743 1067 quodam
765 1014 900 1054 divite
920 1016 1101 1055 nomine
1124 1015 1358 1058 Crisaurio.
1425 1017 1517 1055 Iste
1549 1028 1703 1055 avarus
1724 1020 1818 1055 erat

263 1081 469 1122 collector
483 1082 632 1134 utique
653 1083 906 1124 diviciarum
927 1084 1100 1125 sedulus
1121 1090 1164 1125 et
1186 1084 1403 1134 solicitus;
1428 1085 1489 1125 ita
1503 1085 1615 1124 vixit
1629 1085 1672 1124 in
1696 1096 1818 1124 avar-

264 1151 344 1191 icia
357 1150 537 1192 divicias
551 1152 754 1193 ardenter
767 1152 1024 1205 colligendo,
1040 1154 1248 1206 quamdiu
1262 1153 1382 1194 Deus
1397 1154 1650 1207 permittere
1662 1152 1815 1194 voluit.

266 1220 343 1262 Set
374 1234 427 1261 ve
447 1222 618 1271 misero,
641 1222 742 1275 quia
763 1221 882 1262 venit
904 1222 1000 1262 finis
1021 1223 1110 1262 eius
1141 1229 1376 1276 antequam
1409 1222 1818 1263 adverteret-finis

262 1290 649 1331 dolorosus—-talis
682 1291 829 1344 utique
865 1291 960 1331 finis
993 1292 1166 1345 qualem
1200 1298 1429 1333 meruerat.
1492 1292 1606 1332 Nam
1641 1291 1816 1345 quando

260 1359 468 1400 libencius
508 1359 716 1400 voluisset
753 1360 913 1413 [vivere
926 1360 962 1414 ?]
1004 1360 1206 1401 molestia
1243 1362 1438 1415 corporis
1475 1375 1701 1415 percussus
1736 1367 1816 1401 est.

262 1427 348 1481 Qui
381 1429 436 1469 ad
468 1435 715 1469 extremum
747 1430 938 1478 veniens,
970 1435 1013 1470 et
1044 1430 1210 1484 reliqua
1241 1430 1375 1472 verbo
1407 1431 1463 1471 ad
1496 1430 1676 1472 verbum
1708 1431 1819 1471 sicut

261 1500 467 1552 scriptum
492 1505 558 1539 est
580 1499 622 1539 in
645 1499 757 1540 serie
778 1500 1045 1540 narracionis
1068 1501 1277 1554 premisse
1297 1514 1431 1554 usque
1454 1501 1509 1541 ad
1533 1500 1678 1542 finem.

46 1583 143 1621 V.P.‚
161 1584 220 1621 IV,
351 1570 439 1619 (74)
475 1568 578 1608 Alia
599 1568 686 1608 duo
709 1569 914 1621 exempla
936 1583 1065 1623 super
1087 1570 1168 1611 hac
1190 1571 1373 1610 materia
1394 1569 1641 1610 invenimus
1655 1569 1817 1623 scripta

47 1628 201 1702 &gl-'avi‘
260 1638 303 1678 in
327 1638 458 1678 Vitas
478 1637 670 1686 Patrum‚
689 1651 772 1691 que
789 1638 857 1678 hic
874 1639 1035 1693 scripta
1053 1646 1153 1680 sunt
1173 1641 1284 1680 sicut
1303 1639 1478 1681 ibidem.
1543 1639 1738 1680 Primum
1752 1644 1819 1679 est

46 1695 151 1799 ἓξὲξ.
195 1704 199 1709 ’
262 1707 390 1749 istud.
457 1706 756 1748 Narraverunt
777 1707 929 1749 fratres
952 1708 1008 1749 de
1028 1710 1220 1763 quodam
1245 1709 1455 1758 ortolano‚
1478 1710 1578 1762 quia
1599 1708 1819 1749 laboraret

261 1783 305 1817 et
329 1783 472 1817 totum
495 1775 689 1817 laborem
721 1791 845 1818 suum
877 1777 921 1818 in
954 1777 1215 1832 pauperibus
1247 1779 1533 1832 expenderet,
1568 1784 1613 1819 et
1644 1783 1817 1818 tantum

260 1847 342 1888 sibi
364 1848 572 1889 retineret
601 1853 813 1900 quantum
846 1848 901 1888 ad
933 1848 1093 1888 victum
1126 1847 1351 1888 sufficeret.
1416 1849 1579 1889 Postea
1611 1861 1717 1889 vero
1739 1849 1817 1888 im-

260 1918 380 1958 misit
423 1917 644 1959 Sathanas
676 1918 719 1958 in
751 1931 824 1958 cor
855 1918 947 1958 eius
989 1918 1163 1958 dicens:
1207 1917 1404 1971 ‘Collige
1436 1918 1515 1959 tibi
1547 1918 1815 1970 aliquantam

260 1987 528 2040 peccuniam,
551 2002 619 2038 ne,
651 2000 750 2028 cum
782 1988 975 2028 senueris
1006 1993 1081 2028 aut
1112 1988 1390 2040 egrotaveris,
1424 2001 1532 2041 opus
1565 1986 1729 2028 habeas
1759 1987 1816 2027 ad

259 2070 478 2110 expensas
492 2057 511 2099 '.
578 2057 637 2097 Et
659 2056 830 2110 collegit
852 2062 895 2097 et
917 2057 1112 2111 implevit
1134 2057 1335 2110 lagenam
1357 2058 1411 2097 de
1432 2058 1637 2099 nummis.
1701 2057 1817 2099 Con-

259 2127 357 2180 tigit
380 2132 526 2167 autem
545 2140 642 2167 eum
667 2126 874 2167 infirmari
897 2132 941 2166 et
959 2126 1179 2179 putrefieri
1202 2127 1361 2179 pedem
1383 2127 1474 2167 eius
1493 2140 1501 2177 ;
1535 2133 1580 2167 et
1601 2126 1815 2180 expendit

259 2198 378 2250 quod
400 2197 628 2237 collectum
651 2196 790 2237 fuerat
812 2195 854 2236 in
887 2196 1095 2246 medicos,
1129 2203 1173 2237 et
1204 2196 1311 2237 nihil
1345 2197 1383 2237 ei
1414 2196 1624 2250 prodesse
1656 2197 1812 2250 potuit.

262 2267 423 2307 Postea
460 2267 580 2307 venit
615 2267 793 2319 quidam
835 2265 889 2305 de
925 2266 1120 2319 expertis
1162 2266 1339 2306 medicis
1375 2272 1419 2306 et
1456 2266 1560 2306 dicit
1601 2266 1663 2306 ei:
1697 2265 1817 2306 ‘Nisi

260 2336 496 2377 abscideris
520 2336 677 2389 pedem
696 2342 817 2376 tuum
852 2335 1064 2389 putrefiet,
1088 2335 1249 2376 scilicet
1275 2336 1470 2376 totaliter
1483 2334 1502 2376 ’.
1566 2335 1625 2376 Et
1659 2337 1819 2376 consti-

261 2412 435 2447 tuerunt
453 2405 608 2460 [diem]
629 2412 676 2446 ut
698 2405 938 2445 inciderent
956 2406 1112 2458 pedem
1137 2405 1238 2446 eius
1306 2404 1384 2445 Ille
1405 2410 1552 2445 autem
1574 2405 1748 2446 rediens
1771 2407 1815 2445 in

261 2476 544 2530 semetipsum
566 2482 611 2516 et
633 2476 921 2529 penitenciam
944 2488 1079 2528 agens
1107 2475 1161 2515 de
1195 2475 1277 2515 hiis
1311 2488 1395 2528 que
1431 2476 1582 2528 gessit,
1606 2475 1817 2528 ingemuit

260 2551 303 2586 et
345 2546 473 2595 flevit,
515 2547 686 2586 dicens:
733 2544 934 2585 ‘Memor
970 2551 1076 2594 esto,
1122 2544 1318 2584 Domine
1349 2543 1455 2598 [fol.
1489 2543 1589 2598 49l1]
1635 2557 1816 2597 operum

262 2630 459 2657 meorum
484 2616 675 2669 priorum
689 2613 714 2656 ’.
779 2614 837 2655 Et
860 2628 958 2655 cum
977 2615 1061 2655 hoc
1083 2614 1277 2663 dixisset,
1295 2613 1475 2667 angelus
1493 2613 1674 2654 Domini
1697 2613 1817 2654 stetit

263 2692 307 2726 et
328 2687 443 2726 dixit
463 2687 501 2726 ei
520 2701 528 2726 :
562 2685 676 2726 ‘Ubi
700 2690 800 2725 sunt
832 2685 999 2724 nummi
1029 2697 1134 2734 quos
1156 2683 1369 2737 collegisti
1392 2689 1436 2723 et
1458 2683 1529 2724 ubi
1553 2689 1619 2723 est
1640 2696 1738 2736 spes
1759 2682 1815 2722 de

263 2769 348 2808 qua
372 2754 619 2796 tractasti'?
680 2754 803 2794 Tunc
836 2753 1082 2807 intelligens
1112 2753 1251 2793 dixit:
1286 2756 1295 2773 ‘
1314 2753 1492 2793 Peccavi
1527 2753 1731 2803 Domine,
1754 2752 1816 2805 ig-

262 2839 394 2866 nosce
417 2825 522 2865 mihi
545 2831 587 2865 et
604 2824 766 2865 amodo
787 2824 963 2864 ulterius
985 2822 1105 2877 [hoc]
1127 2837 1217 2863 non
1239 2822 1392 2863 faciam
1408 2821 1428 2864 '.
1492 2822 1615 2862 Tunc
1636 2821 1816 2874 angelus

267 2894 450 2935 Domini
502 2895 649 2947 tetigit
691 2893 850 2947 pedem
893 2894 982 2933 eius
1024 2899 1067 2933 et
1109 2899 1285 2932 sanatus
1327 2898 1395 2932 est
1436 2893 1601 2933 statim.
1685 2889 1814 2943 Quod

264 2964 461 3004 videntes
483 2965 555 3017 qui
573 2964 733 3004 facturn
756 2968 969 3003 noverant
988 2961 1336 3015 glorificaverunt
1357 2962 1514 3002 Deum.
