2052 3278
338 258 414 287 122
765 248 958 288 LIBER
991 247 1446 291 EXEMPLORUM

330 363 440 413 tulit,
462 370 505 404 et
527 378 551 404 a
572 371 724 405 sancto
745 365 836 404 viro
858 378 955 405 cum
984 364 1129 404 multis
1151 364 1335 406 lacrimis
1359 364 1670 419 compassionis
1690 369 1874 416 gratlam

330 433 574 485 postulavit.
638 432 714 474 Ille
743 448 769 474 v
796 433 925 475 libras
954 434 1044 473 auri
1076 446 1174 474 eum
1210 433 1329 474 iussit
1365 434 1565 487 accipere,
1601 433 1674 485 qui
1711 446 1873 473 merces

329 501 429 542 inde
473 515 729 555 comparans
776 503 893 543 misit
938 504 980 542 in
1027 503 1187 544 navim.
1249 503 1361 544 Mox
1406 502 1676 555 naufragium
1723 515 1874 555 passus

331 583 495 610 merces
526 571 619 611 illas
650 572 810 614 amisit.
875 571 1046 612 Navem
1067 585 1171 612 vero
1202 585 1290 613 non
1322 572 1520 626 perdidit.
1584 570 1747 612 Iterum
1775 585 1877 625 ergo

329 640 507 680 accessit
547 641 601 680 ad
641 646 853 690 sanctum,
893 647 937 681 et
977 640 1031 681 de
1072 640 1160 681 eius
1199 641 1393 682 bonitate
1434 653 1688 694 presumens
1734 640 1874 681 dixit:

331 708 562 749 ‘Miserere
604 711 688 750 mei
723 709 833 750 sicut
870 710 990 751 Deus
1027 711 1177 750 mundi
1215 712 1413 751 misertus
1454 716 1519 750 est
1533 708 1553 751 '.
1613 709 1716 762 [fol.
1755 709 1877 763 IOIb]

328 776 406 819 Cui
429 779 662 831 patriarca:
698 779 872 829 ‘Crede,
893 779 1032 829 frater,
1053 780 1133 820 nisi
1155 781 1357 833 pecunias
1379 780 1471 820 illas
1488 778 1680 832 pecuniis
1697 778 1876 819 ecclesie

330 847 578 898 miscuisses,
620 862 894 903 nequaquam
934 849 1202 903 naufragium
1244 850 1492 903 pertulisses
1507 849 1525 890 '.
1591 849 1650 889 Et
1687 850 1878 902 precepit

327 917 470 957 denuo
501 917 605 958 dare
640 919 679 959 ei
716 933 748 958 X
782 920 872 959 auri
907 918 1047 961 libras.
1114 919 1279 960 Emens
1317 919 1386 959 ille
1422 932 1590 959 rursum
1629 932 1793 959 merces
1832 923 1875 958 et

325 987 545 1039 navigans,
566 993 662 1028 orta
692 995 965 1040 tempestate,
995 988 1266 1042 naufragium
1299 989 1412 1036 fecit,
1438 988 1586 1028 omnia
1618 986 1805 1041 perdidit
1835 993 1879 1027 et

328 1056 468 1108 ipsam
505 1069 674 1097 navem.
737 1056 902 1098 Anime
932 1063 1078 1098 tamen
1112 1057 1276 1098 salvate
1307 1063 1418 1098 sunt.
1481 1056 1635 1097 Voluit
1667 1069 1772 1110 ergo
1804 1069 1880 1109 pre

328 1124 581 1165 confusione
610 1131 654 1166 et
684 1127 884 1179 angustia
914 1139 1066 1166 necare
1097 1140 1142 1167 se
1172 1127 1327 1180 ipsum.
1392 1125 1480 1167 Sed
1514 1125 1714 1166 misertus
1745 1131 1812 1166 est
1842 1125 1880 1165 ei

331 1194 461 1244 Deus,
498 1201 541 1235 et
577 1195 783 1236 revelavit
818 1196 898 1236 hoc
931 1197 1154 1249 patriarce,
1189 1196 1260 1249 qui
1297 1196 1500 1235 miserum
1534 1195 1588 1235 ad
1623 1208 1667 1235 se
1699 1195 1879 1236 vocavit.

331 1263 441 1305 Cum
487 1264 666 1305 vidisset
715 1278 814 1305 eum
867 1259 1367 1318 pulvere‘conspersum
1415 1271 1459 1305 et
1505 1271 1625 1305 veste
1671 1265 1877 1314 concissa,

329 1333 464 1374 dixit:
501 1333 779 1374 ‘Misereatur
800 1334 861 1374 tui
884 1335 1162 1387 omnipotens
1185 1334 1316 1375 Deus.
1377 1333 1523 1375 Credo
1544 1335 1660 1375 enim
1684 1333 1801 1387 quod
1824 1333 1880 1373 ab

330 1403 540 1444 hodierno
581 1403 650 1443 die
690 1416 962 1456 nequaquam
1004 1402 1274 1456 naufragium
1317 1403 1511 1456 pacieris.
1592 1403 1692 1444 Hoc
1733 1409 1879 1443 autem

329 1472 406 1513 tibi
445 1473 627 1525 contigit
666 1474 765 1525 quia
806 1479 849 1513 et
890 1473 983 1525 ipsa
1028 1473 1151 1513 navis
1196 1478 1269 1513 tua
1311 1479 1423 1513 esset
1463 1474 1618 1513 iniuste
1660 1472 1882 1526 possessa.'

331 1542 443 1582 Mox
483 1555 583 1595 ergo
623 1542 744 1583 iussit
784 1543 822 1582 ei
864 1542 976 1583 tradi
1012 1555 1143 1583 unam
1178 1543 1233 1582 de
1267 1542 1449 1583 navibus
1485 1556 1569 1596 que
1609 1542 1882 1583 sanctissime

329 1610 506 1652 ecclesie
540 1612 842 1652 ministrabant
876 1611 1043 1665 plenam
1081 1612 1300 1653 frumento
1332 1627 1396 1652 xx
1429 1612 1594 1653 milium
1628 1612 1881 1652 modiorum.

332 1681 477 1735 Quam
510 1681 580 1722 ille
620 1682 854 1735 suscipiens
894 1682 1124 1735 navigavit,
1169 1686 1235 1721 set
1276 1681 1368 1722 xxl
1411 1681 1560 1723 diebus
1601 1686 1644 1722 et
1685 1680 1884 1722 noctibus

331 1763 418 1791 non
440 1751 643 1793 valebant
674 1758 806 1792 naute
836 1752 942 1792 scire
973 1765 1060 1805 quo
1091 1752 1215 1801 irent,
1240 1764 1381 1804 neque
1412 1764 1488 1805 per
1519 1751 1661 1791 locum
1694 1750 1882 1803 aliquem

329 1834 470 1875 neque
510 1836 585 1875 per
623 1821 817 1872 stellam;
879 1822 1142 1875 gubernator
1181 1828 1329 1862 tamen
1372 1820 1548 1862 videbat
1591 1820 1883 1874 patriarcham

330 1892 606 1932 adiuvantem
648 1906 694 1932 se
734 1898 866 1945 atque
905 1892 1146 1932 dicentem:
1186 1891 1281 1932 ‘Ne
1317 1892 1484 1940 timeas
1519 1891 1630 1932 bene
1665 1892 1882 1944 navigas’.

333 1962 431 2002 Hoc
453 1961 560 2002 vidit
581 1961 624 2001 in
645 1961 810 2015 spiritu.
876 1961 1012 2014 Igitur
1038 1967 1139 2015 post
1160 1961 1411 2001 vicesimam
1446 1960 1561 2001 diem
1594 1966 1886 2014 apparuerunt

329 2031 410 2085 [in]
451 2030 596 2071 insulis
635 2030 883 2081 Britannie;
925 2037 969 2071 et
1006 2030 1315 2071 descendentes
1351 2030 1393 2070 in
1430 2036 1589 2071 terram
1629 2031 1886 2071 invenerunt

331 2101 389 2142 ibi
429 2100 594 2141 famem
638 2113 857 2154 magnam.
934 2099 1060 2141 Cives
1102 2100 1159 2140 illi
1202 2100 1425 2153 penuriam
1468 2101 1582 2153 passi
1624 2099 1884 2140 benedicunt

333 2170 479 2210 Deum
517 2169 572 2210 de
605 2170 764 2210 collato
804 2169 1003 2218 subsidiO,
1041 2175 1084 2209 et
1120 2169 1322 2209 nauclero
1359 2168 1546 2209 offerunt
1582 2183 1657 2222 per
1692 2168 1886 2222 singulos

339 2240 506 2280 modios
540 2245 700 2280 certam
737 2246 960 2279 numerate
994 2239 1173 2292 pecunie
1206 2239 1496 2291 quantitatem
1534 2244 1607 2278 aut
1640 2239 1746 2278 certi
1783 2250 1889 2291 pon-

337 2310 450 2350 deris
479 2315 692 2363 stagnum.
756 2309 902 2362 Elegit
923 2308 992 2349 ille
1023 2307 1252 2348 dimidium
1285 2309 1356 2358 sie,
1378 2307 1607 2348 dimidium
1640 2313 1785 2348 autem
1818 2308 1888 2356 sic,

338 2385 381 2419 et
404 2392 595 2419 reversus
616 2379 777 2419 ditatus
800 2384 876 2419 est.
939 2377 1134 2431 Explicit
1155 2376 1645 2430 exemplum--Videat
1678 2383 1890 2417 mercator

336 2447 510 2488 dolosus
553 2447 776 2501 quomodo
821 2446 937 2487 bona
983 2460 1058 2487 sua
1102 2446 1311 2496 lucratur;
1360 2446 1460 2499 quia
1505 2452 1578 2486 aut
1621 2446 1689 2486 hic
1733 2445 1808 2486 fiet
1851 2445 1888 2485 ei

338 2517 546 2567 visitacio,
588 2524 635 2558 ut
676 2518 730 2558 ad
771 2516 835 2558 sui
875 2517 1106 2558 utilitatem
1144 2516 1334 2556 incurrat
1369 2516 1609 2568 dampnum
1651 2514 1892 2567 temporale

340 2585 600 2636 notabiliter,
642 2593 715 2627 aut
756 2586 796 2626 in
837 2585 979 2626 futuro
1019 2585 1273 2634 visitabitur,
1320 2590 1366 2625 ut
1409 2591 1453 2625 et
1499 2598 1544 2625 se
1588 2591 1632 2625 et
1677 2597 1765 2633 sua,
1809 2584 1891 2624 nisi

129 2661 195 2703 Job
211 2672 262 2700 xx,
279 2657 581 2709 15.penituerit‚
617 2657 792 2697 amittat
828 2655 1094 2705 eternaliter;
1137 2654 1321 2694 divicias
1361 2655 1474 2694 enim
1511 2667 1618 2707 quas
1654 2653 1887 2695 devoravit.

134 2733 181 2781 Η..
199 2731 240 2763 de
258 2733 292 2764 S.
432 2725 551 2778 (210)
584 2724 786 2780 Quedam
810 2725 949 2765 adhuc
972 2724 1159 2765 invectio
1181 2724 1271 2764 fieri
1293 2730 1437 2777 potest
1458 2731 1609 2764 contra
1631 2730 1892 2763 mercatores

133 2777 281 2851 Effooe'
347 2794 483 2835 malos
505 2808 562 2835 ex
583 2794 700 2835 facto
723 2794 997 2836 Constantini
1021 2794 1292 2847 imperatoris
1316 2793 1462 2846 magni
1495 2793 1622 2846 primi
1651 2791 1891 2833 Christiani.

134 2863 280 2938 ἓζὲῐῐωρ-
352 2863 452 2917 [fol.
502 2864 627 2918 102a]
661 2863 841 2917 Legitur
881 2862 998 2903 enim
1037 2862 1091 2903 de
1124 2875 1174 2902 eo
1207 2863 1249 2902 in
1283 2861 1393 2902 libro
1427 2862 1738 2915 excepcionum
1774 2860 1890 2912 quod

273 2930 279 2944 ‚

133 2950 232 2987 VIII,
250 2949 270 2982 i.
1054 2952 1064 2971 1
1078 2953 1153 2983 MS.
1171 2963 1201 2983 x.
