2052 3278
292 234 346 276 32
720 219 913 260 LIBER
945 217 1400 260 EXEMPLORUM

291 339 519 379 materiam
534 337 587 390 (Ρ)
603 336 615 360 1
644 336 869 384 audierat;
903 334 1018 375 unde
1039 340 1082 374 et
1102 333 1355 389 exemplum
1383 333 1593 375 habuerat
1616 332 1672 373 ab
1694 333 1838 387 aliquo

287 408 354 449 vel
375 408 431 449 ab
452 406 662 459 aliquibus
683 406 755 458 qui
777 406 832 445 de
854 404 928 445 illo
947 405 1052 445 certi
1074 410 1210 445 erant.

374 478 465 529 (52)
509 476 711 516 Tercium
743 474 838 528 (sic)
873 474 927 514 de
963 473 1128 514 eisdem
1162 473 1279 527 quod
1316 479 1360 514 et
1397 486 1501 526 sepe
1534 471 1643 512 solet
1677 471 1836 512 referri.

289 546 533 586 Monachus
574 544 753 598 quidam
794 544 974 584 sacrista
1023 544 1285 592 monasterii,
1336 555 1434 583 cum
1479 541 1665 582 lubricus
1711 547 1839 591 esset,

284 616 476 669 quadam
501 620 628 654 nocte
660 615 810 653 exiens
843 612 1152 653 monasterium
1186 612 1242 652 ad
1274 611 1496 665 quandam
1538 610 1762 651 mulierem
1795 617 1839 650 et

287 686 501 725 transiens
524 698 598 737 per
628 689 805 735 pontem
839 681 950 722 ultra
984 681 1144 722 flumen
1182 682 1474 734 propinquum
1509 694 1534 720 a
1569 678 1759 733 dyabolo
1797 680 1839 719 in

289 755 450 795 flumen
500 752 781 807 precipitatus
829 757 896 792 est
935 757 979 791 et
1019 750 1279 792 submersus.
1364 750 1651 792 Occurrerunt
1692 755 1839 789 autem

287 823 431 877 angeli
466 824 500 862 si
531 821 644 862 forte
678 827 855 874 possent
887 821 926 860 ei
959 819 1198 869 subvenire,
1219 826 1285 860 set
1317 826 1360 860 et
1393 820 1602 859 demones
1628 825 1841 858 venerunt

287 894 493 941 dicentes,
531 892 654 944 ‘quia
690 896 836 931 noster
871 896 937 930 est
973 890 1182 943 quoniam
1220 890 1261 929 in
1295 889 1474 929 servicio
1509 893 1659 928 nostro
1689 893 1840 940 captus

289 961 387 1003 est'.
452 961 531 1003 Set
553 960 702 1014 regina
732 958 1022 1000 misericordie
1049 958 1173 998 affuit
1207 972 1261 999 ne
1284 959 1413 999 miser
1442 958 1752 1011 dampnaretur
1768 957 1840 1010 qui

286 1030 514 1072 servicium
564 1030 761 1083 quamvis
827 1029 1046 1069 modicum
1097 1027 1177 1068 sibi
1239 1028 1490 1080 impendere
1546 1033 1840 1067 consueverat.

289 1100 517 1154 Siquidem
538 1100 630 1152 ipse
660 1098 832 1138 beatam
864 1097 1093 1149 Virginem
1126 1096 1312 1137 salutare
1343 1103 1624 1137 consueverat
1655 1096 1842 1137 dicendo

289 1170 387 1210 Ave
438 1168 594 1209 Maria
640 1168 1031 1221 quocienscumque
1083 1172 1186 1206 ante
1227 1166 1479 1219 ymaginem
1530 1165 1659 1206 beate
1702 1166 1842 1206 Marie

290 1238 528 1279 transibat:
579 1237 651 1290 qui
688 1238 833 1285 etiarn,
870 1235 974 1276 dum
1012 1235 1152 1275 exivit
1188 1248 1263 1288 per
1304 1241 1485 1288 pontem
1526 1235 1730 1276 incedens
1771 1234 1842 1275 ubi

289 1308 568 1360 precipitatus
618 1311 695 1355 est,
746 1305 1055 1345 salutacionem
1103 1310 1146 1344 et
1192 1305 1429 1344 matutinas
1470 1304 1595 1345 beate
1650 1303 1843 1358 Virginis

289 1377 542 1417 decantavit.
605 1375 718 1415 Huic
740 1374 867 1427 igitur
888 1374 930 1413 in
953 1378 1047 1413 arto
1061 1374 1203 1425 posito
1224 1373 1342 1413 venit
1363 1374 1404 1413 in
1426 1372 1634 1414 auxilium
1653 1373 1844 1426 piissima

290 1447 428 1500 Virgo
461 1446 607 1485 dicens
640 1441 931 1490 demonibus:
953 1442 1055 1494 [sol.
1089 1442 1192 1495 41a]
1236 1442 1303 1483 ‘O
1336 1442 1602 1495 nequissimi,
1634 1442 1844 1483 dimittite

289 1529 386 1555 eum
428 1515 528 1567 quia
567 1525 712 1553 servus
754 1525 872 1552 meus
914 1517 981 1551 est
1000 1513 1023 1552 ³.
1100 1511 1186 1564 Qui
1236 1524 1334 1551 cum
1375 1512 1649 1564 pertinaciter
1700 1511 1841 1565 ipsum

286 1592 493 1637 tanquam
527 1596 652 1623 suum
685 1583 917 1635 exigerent,
952 1581 1066 1621 dixit
1101 1586 1239 1621 mater
1266 1580 1377 1621 vite:
1413 1581 1561 1621 ‘Pono
1592 1594 1766 1622 causam
1799 1582 1842 1622 in

288 1654 447 1694 iudicio
464 1653 559 1693 Filii
584 1652 667 1692 mei
692 1658 738 1692 ut
759 1652 850 1704 ipse
872 1651 978 1691 ferat
1000 1650 1261 1691 sententiam
1283 1650 1325 1690 in
1346 1650 1426 1691 hac
1441 1656 1563 1704 parte
1578 1649 1600 1693 '.
1664 1650 1844 1692 Interim

291 1722 486 1777 pulsandi
507 1722 612 1763 hora
643 1722 697 1761 ad
732 1720 965 1761 matutinas
987 1726 1242 1769 transeunte,
1263 1733 1361 1760 cum
1384 1725 1632 1773 quereretur
1659 1721 1844 1769 sacrista,

287 1793 465 1833 tandem
487 1798 682 1845 repertus
704 1791 746 1830 in
768 1790 945 1831 flumine
959 1789 1215 1839 submersusy
1230 1795 1273 1829 et
1295 1790 1397 1830 inde
1413 1796 1630 1830 extractus
1647 1790 1843 1842 precibus

288 1863 411 1903 beate
433 1862 626 1914 Virginis
648 1861 701 1901 ad
722 1859 858 1900 vitam
893 1872 1012 1900 suam
1047 1859 1368 1900 emendendam
1402 1858 1492 1900 vite
1522 1859 1741 1900 restitutus
1767 1866 1842 1902 est.

291 1932 376 1985 Qui
429 1931 551 1971 vivus
604 1943 845 1983 exsurgens
891 1927 1078 1968 narravit
1128 1928 1349 1981 quomodo
1390 1929 1636 1969 submersus
1685 1935 1752 1969 est
1801 1934 1844 1969 et

285 2002 471 2054 qualiter
505 2013 583 2054 per
615 2000 788 2041 beatam
822 1998 1050 2050 Virginem
1083 2012 1108 2038 a
1141 1998 1396 2039 demonibus
1437 1999 1640 2039 liberatus
1680 2004 1723 2039 et
1753 1999 1844 2039 vite

288 2070 507 2111 restitutus
533 2075 611 2110 est.
677 2069 736 2109 Et
761 2067 1007 2122 glorificans
1029 2067 1173 2108 Deum
1196 2074 1239 2107 et
1261 2067 1432 2108 beatam
1456 2067 1682 2122 Virginem
1706 2069 1840 2109 vitam

284 2153 410 2180 suam
433 2139 683 2180 emendavit
704 2143 747 2178 et
770 2139 812 2177 in
836 2151 941 2190 pace
962 2137 1110 2179 finivit.

376 2209 471 2262 (53)
503 2208 714 2262 Quintum
752 2207 841 2258 (sic)
878 2206 932 2246 de
963 2206 1140 2246 eisdem.
1202 2206 1371 2258 Pauper
1390 2205 1569 2259 quidam
1592 2206 1739 2246 omnia
1761 2221 1844 2261 que

286 2279 446 2320 habere
488 2282 656 2331 poterat
696 2276 789 2316 aliis
830 2275 1088 2330 pauperibus
1139 2274 1181 2315 in
1231 2273 1443 2315 honorem
1493 2275 1607 2316 beati
1649 2275 1844 2329 Virginis

287 2348 506 2401 erogabat.
570 2346 648 2387 Cui
688 2345 827 2386 oranti
868 2346 909 2384 in
953 2344 1058 2385 hora
1102 2344 1252 2384 mortis
1292 2345 1499 2384 assistens
1539 2345 1666 2386 beata
1705 2345 1844 2400 Virgo

288 2417 424 2457 dixit:
460 2416 607 2466 ‘Veni,
640 2414 796 2456 dilecte
830 2414 887 2454 mi
902 2414 921 2455 ’.
986 2414 1045 2453 Et
1072 2427 1170 2454 eum
1199 2426 1343 2453 secum
1376 2415 1539 2454 cunctis
1570 2414 1843 2456 audientibus

286 2487 537 2541 angelisque
566 2485 872 2527 comitantibus
903 2498 952 2524 ac
984 2484 1152 2524 dulcem
1177 2483 1409 2524 melodiam
1441 2484 1765 2526 concinentibus
1787 2485 1842 2525 ad

285 2557 445 2611 gaudia
467 2557 597 2597 duxit
619 2555 803 2596 celestia.

379 2627 469 2678 (54)
505 2625 637 2666 Aliud
660 2625 714 2665 de
736 2624 911 2664 eisdem.
974 2622 1212 2663 Abbatissa
1229 2623 1418 2675 quedam
1438 2624 1573 2676 rigide
1590 2624 1842 2677 religionem

289 2710 465 2736 servans
487 2696 530 2736 in
552 2709 598 2735 se
619 2700 663 2735 et
684 2695 726 2734 in
750 2693 944 2742 subditis,
966 2692 1147 2732 tandem
1172 2692 1376 2732 instinctu
1402 2693 1578 2746 dyaboli
1603 2706 1628 2733 a
1652 2693 1842 2746 quodam

284 2766 439 2806 clerico
459 2765 673 2817 concepit.
738 2763 867 2817 Quod
890 2762 1174 2815 percipientes
1198 2761 1406 2802 moniales
1427 2768 1471 2802 et
1488 2762 1589 2802 inde
1605 2762 1842 2815 gaudentes

285 2835 492 2888 episcopo
511 2847 660 2874 casum
684 2832 1079 2873 manifestaverunt.
1137 2830 1223 2883 Qui
1245 2831 1467 2871 constituit
1488 2832 1547 2871 eis
1573 2831 1716 2872 diem2
1747 2832 1845 2872 visi-

752 2923 853 2955 lMS.
873 2922 1034 2954 Math'm.
1141 2954 1143 2957 ,
1168 2920 1268 2954 2MS.
1287 2921 1379 2953 dine.
