2052 3278
368 204 424 244 66
798 207 990 248 LIBER
1024 207 1473 252 EXEMPLORUM

367 322 589 374 quomodo
607 328 648 361 te
668 324 919 375 acciperem,
935 337 1030 363 cum
1054 325 1110 364 sis
1127 326 1191 364 vir
1207 331 1297 366 tam
1322 340 1486 380 pauper
1505 332 1547 367 et
1570 328 1739 368 tenuis?
1803 329 1908 370 Non

365 403 549 443 persona
581 397 653 431 tua
685 391 761 432 sed
797 393 982 433 tenuitas
1019 400 1093 433 tua
1128 394 1325 448 displicet
1361 397 1502 437 michi.
1570 396 1616 437 Si
1650 398 1908 439 warisonam

364 459 556 509 haberes,
578 460 759 501 libenter
774 466 819 501 te
835 463 1105 515 acciperem.'
1169 463 1268 517 Quo
1290 466 1445 516 audito,
1461 465 1617 506 nobilis
1636 465 1706 506 ille
1722 468 1911 518 recessit,

364 535 409 569 et
425 531 539 570 viam
552 531 771 583 quandam
785 531 1011 584 publicam,
1029 532 1100 574 ubi
1118 540 1372 575 mercatores
1390 536 1570 576 transire
1586 543 1912 586 consueverant,

364 599 608 640 observavit
627 614 636 650 ;
679 606 723 640 et
763 600 987 641 inveniens
1020 603 1235 656 quendam
1279 610 1560 644 mercatorem
1601 617 1698 644 cum
1737 606 1909 658 magnis

364 668 531 709 diviciis
553 675 860 720 transeuntem,
882 673 1068 724 peremit
1089 686 1184 713 eum
1208 679 1251 713 et
1272 673 1448 714 abstulit
1471 687 1615 714 secum
1633 673 1780 714 omnia
1796 674 1912 716 bona

365 751 452 781 sua.
515 738 667 779 Homo
688 740 833 793 itaque
854 746 1030 793 repente
1054 741 1217 782 ditatus
1240 749 1316 792 est,
1340 748 1394 790 et,
1416 743 1470 782 de
1492 743 1585 782 viro
1611 743 1726 783 tenui
1755 743 1912 796 glorio-

364 821 436 849 sus
472 807 660 858 effectus,
690 810 809 849 venit
841 809 894 849 ad
932 809 1172 861 dominam,
1209 816 1252 851 et
1287 811 1478 852 ostendit
1515 812 1553 852 ei
1595 812 1770 852 divicias
1805 825 1914 861 sua5‚

366 892 523 932 rogans
551 884 596 919 ut
627 892 724 919 eum
761 879 954 931 accipere
985 879 1241 932 dignaretur.
1304 881 1400 934 Que
1431 881 1485 921 de
1519 886 1585 920 tot
1618 880 1785 921 diviciis
1821 887 1912 921 tam

367 954 546 1000 repente
572 948 787 1001 acquisitis
823 948 1077 1001 stupefacta,
1112 950 1297 1003 quesivit
1332 950 1513 1002 qualiter
1548 950 1602 990 ad
1641 954 1765 990 tanta
1800 949 1916 990 bona

367 1019 645 1072 pervenisset,
659 1031 736 1058 nec
754 1017 792 1058 ei
808 1018 941 1059 voluit
956 1019 1229 1071 adquiescere
1242 1020 1322 1059 nisi
1340 1019 1418 1059 sibi
1436 1019 1662 1060 veritatem
1681 1019 1916 1063 intimaret.

368 1088 563 1141 Cumque
585 1101 734 1128 amore
755 1088 933 1128 domine
954 1101 1039 1128 non
1063 1088 1282 1129 modicum
1310 1089 1608 1138 stimularetur,
1637 1089 1789 1129 nolens
1818 1103 1915 1130 eam

366 1159 410 1199 in
447 1157 556 1198 alico
591 1157 820 1206 offendere,
859 1156 1080 1197 confessus
1117 1162 1182 1197 est
1217 1158 1254 1197 ei
1291 1158 1531 1199 veritatem.
1595 1158 1793 1199 Audiens
1833 1157 1916 1199 hoc

368 1229 547 1269 domina
569 1227 681 1267 dixit
702 1226 740 1266 ei
769 1226 895 1279 quod,
922 1226 955 1265 si
984 1239 1080 1266 eam
1109 1227 1270 1267 habere
1300 1227 1442 1275 vellet,
1474 1228 1553 1268 iret
1584 1228 1638 1268 ad
1671 1228 1811 1268 locum
1844 1228 1916 1268 ubi

367 1298 533 1338 iacebat
558 1302 762 1345 mortuus,
794 1301 837 1335 et
861 1294 918 1336 ibi
949 1301 1078 1335 nocte
1109 1308 1193 1335 una
1225 1296 1403 1349 pervigil
1435 1303 1722 1350 pernoctaret.
1784 1297 1915 1350 Quod

367 1380 463 1408 cum
498 1365 657 1407 faceret
687 1370 730 1405 et
761 1363 941 1404 sollicite
971 1364 1111 1404 locum
1143 1364 1401 1417 exploraret,
1434 1366 1542 1405 vidit
1574 1367 1617 1406 in
1652 1371 1916 1419 tempestate

370 1438 464 1489 (sic)
485 1436 622 1476 noctis
644 1434 821 1475 silencio
849 1433 966 1486 quod
995 1433 1153 1473 resedit
1181 1433 1253 1486 qui
1284 1440 1376 1474 erat
1405 1440 1607 1484 mortuus,
1640 1441 1693 1484 et,
1723 1436 1916 1475 extensis

368 1506 565 1548 manibus
591 1505 646 1545 ad
674 1504 824 1552 celum,
853 1503 990 1543 oravit
1022 1503 1274 1552 Dominum,
1303 1503 1472 1559 dicens:
1508 1504 1735 1554 ‘Domine,
1767 1510 1813 1545 tu
1845 1505 1916 1557 qui

367 1578 501 1618 iustus
530 1590 574 1616 es
603 1575 745 1624 iudex,
776 1579 822 1614 tu
852 1573 933 1613 scis
965 1573 1081 1626 quod
1114 1573 1268 1613 iniuste
1299 1579 1492 1614 mortuus
1522 1587 1630 1615 sum.
1694 1574 1742 1616 Si
1774 1574 1917 1628 placet

368 1647 457 1697 tibi,
481 1645 609 1687 facias
630 1643 863 1686 iusticiam!
882 1642 889 1657 ’
954 1642 1012 1683 Et
1033 1640 1114 1683 ruit
1136 1657 1222 1683 vox
1245 1642 1427 1696 desuper
1451 1643 1599 1684 dicens
1618 1659 1625 1685 :
1660 1643 1832 1684 ‘Hodie
1860 1645 1914 1684 ad

368 1716 545 1769 triginta
565 1727 701 1755 annos
723 1712 1005 1753 vindicaberis
1020 1710 1039 1752 '.
1103 1711 1147 1751 H
1155 1711 1204 1751 iis
1226 1711 1350 1752 dictis
1372 1726 1564 1752 reversus
1591 1719 1657 1753 est
1677 1713 1732 1753 ad
1755 1718 1914 1753 terram

368 1785 440 1840 qui
462 1791 654 1826 mortuus
676 1789 776 1824 erat.
839 1781 1031 1822 Rediens
1055 1779 1153 1833 [fol.
1176 1780 1277 1834 64b]
1304 1781 1433 1834 igitur
1459 1782 1578 1821 vivus
1606 1782 1660 1822 ad
1690 1782 1916 1822 dominam

367 1856 509 1897 retulit
530 1856 568 1895 ei
596 1867 678 1908 que
705 1852 870 1893 viderat
898 1858 1026 1903 atque
1054 1851 1257 1891 audierat.
1321 1850 1529 1904 Cogitans
1561 1857 1707 1891 autem
1738 1851 1918 1891 domina

369 1926 483 1980 quod
501 1931 602 1965 ante
619 1930 789 1977 tempus
805 1921 1052 1975 prefinitum
1070 1933 1144 1973 per
1160 1920 1446 1974 penitenciam
1464 1920 1739 1970 satisfaceret,
1753 1921 1919 1974 accepit

370 2010 468 2036 eum
492 1995 535 2035 in
557 1995 705 2042 virum,
729 1998 772 2032 et
794 1996 1018 2032 creverunt
1045 1990 1100 2030 de
1127 1990 1198 2029 die
1224 1989 1266 2028 in
1295 1988 1411 2029 diem
1442 1990 1484 2029 in
1513 1989 1679 2030 diviciis
1710 1994 1754 2030 et
1782 1990 1919 2043 gloria

371 2066 530 2107 mundi.
594 2062 799 2105 Sobolem
822 2061 1053 2101 iocundam
1071 2058 1461 2111 multiplicaverunt
1476 2063 1518 2098 et
1533 2058 1683 2099 vicinis
1701 2058 1919 2099 nobiliori-

371 2136 449 2177 bus
463 2150 509 2176 se
524 2148 599 2188 per
613 2131 842 2183 maritagia
854 2128 1252 2170 confederaverunt.
1300 2127 1494 2181 Cumque
1509 2134 1680 2182 tempus
1694 2129 1915 2169 annuatim

368 2207 577 2254 transiret,
591 2203 771 2245 domina
783 2200 931 2242 crebro
946 2200 1145 2240 maritum
1160 2212 1282 2239 suum
1297 2199 1351 2238 ad
1369 2198 1659 2251 penitenciam
1675 2198 1917 2239 faciendam

366 2275 625 2318 sollicitavit.
684 2271 781 2325 Qui,
799 2270 936 2326 gloria
953 2269 1101 2310 mundi
1119 2274 1357 2316 excecatuS,
1375 2268 1431 2307 de
1447 2267 1517 2307 die
1534 2268 1576 2307 in
1592 2267 1707 2307 diem
1724 2267 1919 2322 penitere

366 2345 538 2388 distulit
558 2342 710 2384 tandiu
731 2340 858 2395 quod,
891 2352 1005 2380 anno
1034 2344 1134 2391 post
1160 2350 1320 2377 annum
1347 2342 1608 2386 transeunte,
1637 2350 1772 2377 annus
1799 2337 1918 2377 venit

368 2415 623 2457 tricesimus.
685 2411 882 2463 Cumque
915 2409 1097 2449 instaret
1120 2407 1212 2447 dies
1240 2407 1294 2446 ad
1323 2405 1532 2446 ultionem
1559 2405 1791 2459 prefinitus,
1817 2405 1918 2445 fecit

368 2485 528 2527 nobilis
550 2483 620 2524 ille
642 2493 848 2535 magnum
871 2483 1126 2533 apparatum
1149 2477 1190 2517 in
1212 2477 1403 2529 quodam
1425 2475 1602 2517 castello
1620 2475 1736 2528 quod
1754 2475 1917 2524 habuit,

370 2563 418 2597 et
438 2567 588 2595 omnes
610 2553 770 2593 amicos
793 2550 847 2591 ad
870 2547 1112 2589 convivium
1129 2559 1206 2600 pro
1222 2545 1293 2586 die
1309 2545 1380 2585 illo
1396 2545 1659 2585 convocavit.
1722 2544 1917 2597 Cumque

373 2626 443 2666 die
464 2625 538 2664 illo
557 2620 862 2664 convenissent
882 2631 1034 2658 omnes
1056 2615 1111 2655 ad
1134 2614 1389 2663 convivium,
1419 2614 1607 2667 providit
1635 2614 1749 2665 quod
1777 2613 1918 2654 nullus

373 2695 431 2736 ibi
454 2700 569 2735 esset
587 2705 718 2746 quem
742 2694 963 2742 oporteret
985 2699 1085 2727 eum
1103 2685 1349 2728 formidare.
1414 2683 1756 2726 Convivantibus
1771 2690 1916 2723 autern

374 2763 535 2806 cunctis
567 2768 611 2803 et
645 2760 778 2801 letum
814 2759 931 2799 diem
964 2754 1233 2804 ducentibus⁷
1271 2754 1389 2794 venit
1424 2754 1479 2794 ad
1516 2759 1686 2806 portam
1722 2752 1919 2792 viellator

374 2833 551 2888 quidam
575 2836 737 2885 petenS,
758 2834 804 2868 ut
826 2827 957 2868 moris
977 2831 1053 2874 est,
1076 2823 1309 2865 introitum.
1353 2823 1482 2876 Quod
1503 2835 1599 2862 cum
1622 2821 1920 2862 denunciasset

376 2904 531 2944 ianitor
580 2899 759 2942 domino
821 2910 907 2946 suo,
958 2909 1047 2935 non
1099 2892 1213 2934 enim
1266 2892 1387 2933 aliter
1436 2904 1680 2944 quenquam
1732 2890 1919 2932 audebat
