2052 3278
716 214 802 283 DE
834 242 879 285 s,
916 241 1150 283 IAcosso
1644 249 1693 294 35

159 359 349 410 quedam
373 357 637 399 memorialia
658 358 713 398 de
733 363 882 398 sancto
906 357 1063 398 Iacobo
1085 358 1235 398 maiori
1249 359 1261 383 1
1287 362 1391 397 natu
1419 370 1505 397 non
1531 356 1695 396 inutilia
1712 360 1756 409 H..
1775 359 1815 391 de
1833 361 1868 409 S-

156 426 225 466 hic
247 429 497 467 interserere
517 426 695 479 dignum
717 427 834 468 duxi.
896 426 1112 467 Exaretur
1133 439 1233 479 ergo
1255 426 1396 479 primo
1417 426 1531 478 quod
1553 431 1697 465 narrat
1709 403 1886 485 ἕζεξᾶἓίιλ

160 497 365 547 magister
395 496 527 548 Hugo
555 496 609 536 de
637 501 787 535 sancto
814 495 1028 548 Vic[t0re]
1054 508 1237 548 magnus
1264 494 1415 535 doctor
1437 495 1624 545 ecclesie,
1653 490 1873 573 11](Ῑ1Ῑ)’ᾗνὶ’2

157 577 235 604 suo
258 564 365 605 libro
387 565 441 605 de
462 565 738 604 sacramentis
759 570 880 616 parte
901 564 973 603 xvi
993 564 1180 617 capitulo
1198 575 1233 604 2.
1293 563 1373 604 Ait
1388 563 1506 604 enim
1523 563 1566 603 in
1584 563 1696 604 hunc
1710 557 1816 615 cbixv'j

159 633 350 675 modum.
411 632 508 685 Ego
528 632 700 685 quidem
723 632 840 684 quod
863 633 918 672 de
939 632 1019 672 hac
1042 646 1086 672 re
1107 632 1250 672 audivi
1270 638 1409 672 tacere
1430 646 1518 672 non
1544 631 1695 673 debeo.
1709 619 1796 661 583)-

158 699 349 752 Quidam
373 702 541 754 probati
562 700 797 741 testimonii
813 700 942 741 frater
962 701 1150 741 narravit
1166 701 1282 749 mihi,
1298 700 1380 754 [se]
1397 715 1422 741 a
1442 714 1519 741 suo
1539 700 1697 742 abbate

157 771 361 810 veraciter
395 770 476 811 hoc
511 768 754 810 affirmante
791 769 970 817 audisse,
1005 769 1105 821 quia
1140 768 1373 821 aliquando
1407 769 1476 809 ille
1507 783 1605 810 cum
1641 769 1695 809 ad

155 839 367 891 quosdam
383 838 530 879 fratres
546 839 712 879 eminus
727 838 981 878 constitutos
993 838 1227 878 visitandos
1243 843 1454 891 pergeret,
1473 839 1516 878 in
1535 839 1697 887 itinere,

154 912 200 946 ut
222 906 339 953 solet,
362 907 549 960 quodam
572 907 665 947 loco
686 907 925 960 hospicium
942 907 1118 960 accepit.
1185 906 1273 948 Ubi
1290 907 1449 947 factum
1466 913 1564 947 tunc
1581 908 1695 959 apud

153 989 306 1016 omnes
339 976 530 1017 eiusdem
563 976 643 1016 loci
671 976 940 1016 habitatores
965 976 1132 1017 celebre
1156 977 1301 1028 paucis
1329 982 1430 1016 ante
1458 976 1559 1029 [fol.
1594 976 1696 1030 4362]

152 1044 302 1085 diebus
323 1045 554 1098 contigisse
574 1044 737 1086 didicit.
801 1043 990 1097 Quidam
1013 1045 1262 1097 peregrinus
1279 1046 1485 1085 orationis
1499 1058 1625 1085 causa
1641 1046 1694 1085 ad

153 1119 350 1153 sanctum
386 1113 589 1154 Iacobum
624 1126 807 1166 pergens
840 1113 995 1153 eodem
1029 1113 1122 1153 loco
1148 1113 1387 1166 hospitatus
1411 1120 1491 1154 est.
1556 1113 1696 1154 Nocte

152 1187 296 1222 autem
319 1183 398 1222 iter
416 1181 655 1234 agentibus,
677 1188 723 1222 ut
745 1195 838 1222 mos
855 1187 930 1231 est,
949 1182 1002 1222 ad
1021 1181 1252 1222 diluculum
1269 1183 1465 1231 surrexit,
1483 1195 1697 1235 egressus-

153 1263 236 1302 que
268 1251 323 1291 de
355 1251 450 1291 vico
478 1252 519 1290 in
552 1249 702 1291 silvam
729 1263 813 1302 que
845 1251 982 1290 vicina
1015 1256 1105 1290 erat
1136 1251 1318 1291 devenit.
1372 1250 1436 1291 Ibi
1469 1250 1695 1292 comitibus

151 1320 316 1360 itineris
343 1333 454 1369 casu,
480 1326 527 1360 ut
554 1320 671 1368 solet,
697 1319 884 1372 perditis,
912 1320 1086 1359 deviare
1111 1321 1238 1372 cepit.
1300 1319 1496 1374 Cumque
1526 1321 1695 1374 longius

154 1390 442 1441 processisset,
495 1388 671 1430 obvium
717 1388 868 1429 habuit
908 1389 1125 1441 quendam
1166 1389 1399 1429 venerandi
1440 1389 1610 1430 habitus
1652 1398 1695 1431 et

152 1458 293 1498 vultus
314 1459 475 1507 virum;
509 1472 534 1498 3
558 1472 644 1511 quo
669 1458 957 1510 interrogatus
986 1459 1080 1510 quis
1105 1463 1177 1497 aut
1203 1458 1491 1512 undesesset]
1517 1460 1583 1500 vel
1609 1473 1694 1512 quo

151 1534 359 1581 pergeret,
399 1541 570 1577 nomen,
612 1528 795 1580 patriam
835 1533 878 1567 et
913 1540 1085 1567 causam
1125 1528 1290 1568 itineris
1331 1530 1546 1581 exposuit.
1617 1529 1695 1569 Ille

152 1603 349 1637 sanctum
370 1597 576 1637 Iacobum
593 1597 647 1637 ad
665 1609 792 1649 quem
810 1596 950 1636 tendit
968 1602 1232 1649 protestatur
1248 1611 1294 1637 se
1314 1610 1419 1646 esse,
1437 1597 1692 1651 iampridem

151 1667 285 1706 etiarn
307 1668 453 1706 omnia
474 1667 528 1706 de
549 1680 594 1706 se
616 1667 708 1718 ipso
730 1666 865 1706 scisse.
930 1665 1057 1705 Nunc
1076 1677 1179 1706 vero
1203 1667 1325 1718 quasi
1350 1666 1624 1719 beneplacito
1650 1674 1694 1708 et

150 1741 274 1788 grato
306 1737 474 1776 venisse
505 1736 677 1777 obviam
710 1732 990 1776 devocionem
1033 1735 1191 1784 laudat,
1226 1734 1388 1776 bonum
1424 1738 1690 1789 propositum

150 1805 393 1854 comendat‚
426 1806 639 1857 premium
665 1804 778 1857 apud
804 1818 849 1844 se
875 1816 1083 1857 magnum
1108 1811 1306 1857 paratum
1339 1819 1418 1845 nec
1444 1805 1573 1859 longe
1599 1820 1691 1846 esse

150 1874 561 1914 remuneracionem.
614 1873 763 1914 Multis
780 1879 879 1926 post
894 1873 976 1913 hoc
990 1872 1130 1913 verbis
1143 1873 1243 1913 hinc
1256 1873 1358 1914 inde
1371 1874 1691 1923 incurrentibus,

148 1943 325 1983 tandem
361 1942 552 1983 miserias
587 1948 629 1982 et
656 1942 827 1983 dolores
853 1942 942 1982 vite
969 1941 1094 1982 huius
1129 1942 1277 1995 quales
1310 1948 1383 1983 aut
1411 1950 1572 1996 quante
1607 1945 1691 1984 sint

149 2012 345 2064 exponit.
418 2010 564 2052 Omne
597 2010 711 2063 quod
747 2010 816 2050 hic
850 2016 1017 2050 amatur
1048 2024 1179 2063 quam
1212 2012 1299 2051 cito
1332 2011 1479 2065 fugiat,
1516 2018 1559 2053 et
1600 2015 1689 2065 pari

150 2081 279 2121 modo
320 2094 450 2121 omne
489 2081 604 2133 quod
645 2081 819 2120 timetur
863 2080 928 2120 vel
969 2080 1136 2120 doletur
1177 2081 1395 2133 quomodo
1436 2082 1527 2122 sine
1569 2095 1689 2123 mora

149 2155 430 2201 pertranseat.
509 2149 628 2189 Inter
667 2148 744 2189 hec
785 2154 829 2189 et
867 2148 1115 2189 huiusmodi
1149 2148 1269 2201 quasi
1310 2149 1554 2191 rationabili
1594 2165 1688 2204 per-

147 2219 343 2258 suasione
386 2219 593 2271 paulatim
626 2218 760 2258 menti
792 2218 980 2258 hominis
1020 2217 1149 2258 nichil
1181 2218 1397 2259 sinistrum
1431 2220 1687 2272 suspicantis

147 2293 447 2341 contemptum
495 2289 581 2328 vite
632 2288 798 2340 ingerit,
847 2293 1011 2327 metum
1058 2288 1209 2327 mortis
1256 2287 1379 2328 tollit.
1461 2288 1687 2330 Postremo

146 2362 327 2397 testatur
356 2356 461 2396 nihil
493 2357 628 2410 magis
653 2357 819 2397 virtutis
844 2357 936 2397 viro
964 2356 1170 2409 expedire
1195 2360 1324 2409 quam
1358 2363 1405 2397 ut
1436 2357 1536 2398 hinc
1568 2360 1688 2399 exire

145 2425 330 2473 festinet,
361 2431 404 2465 et
434 2426 468 2465 si
498 2424 581 2465 alia
614 2426 684 2465 via
718 2438 805 2465 non
840 2425 975 2474 detur,
1017 2430 1199 2465 mortem
1242 2437 1371 2466 manu
1407 2439 1483 2466 sua
1524 2425 1688 2467 fortiter

146 2493 352 2543 lacessat3
384 2499 427 2533 et
446 2506 533 2533 non
556 2493 776 2546 permittat
804 2507 848 2533 se
876 2494 918 2533 in
947 2492 1027 2533 hiis
1055 2493 1273 2534 doloribus
1307 2494 1379 2534 diu
1412 2495 1548 2535 teneri
1581 2497 1684 2548 quin

144 2563 200 2603 ad
222 2562 427 2616 gaudium
450 2562 529 2602 sibi
551 2568 748 2615 paratum
771 2563 830 2602 ire
853 2561 1033 2602 festinet.
1095 2561 1212 2614 Quid
1235 2562 1404 2602 multa?
1466 2564 1686 2617 Deceptus

144 2631 404 2672 fraudulenti
431 2631 693 2684 persuasioni
719 2644 941 2672 assensum
968 2631 1118 2683 prebet
1145 2637 1189 2671 et
1219 2632 1377 2671 iniecto
1409 2631 1521 2672 ferro
1549 2645 1685 2674 seme-

145 2701 304 2753 tipsum
326 2699 490 2753 iu-[fol.
514 2712 540 2750 4
546 2699 768 2753 gb]-gulat.
831 2699 1023 2740 Comites
1045 2700 1132 2739 eius
1148 2700 1222 2739 diu
1238 2713 1314 2752 per
1330 2700 1451 2740 devia
1467 2703 1682 2753 quesitum

141 2769 318 2810 tandem
336 2769 596 2810 exstinctum
614 2769 846 2809 inveniunt.
911 2768 983 2809 Ad
1001 2769 1139 2808 vicum
1157 2769 1272 2809 unde
1288 2769 1485 2810 exierant
1501 2771 1684 2812 cadaver

144 2839 348 2878 exanime
390 2843 592 2891 portatur.
675 2837 733 2877 Et
773 2837 873 2890 quia
918 2838 1076 2890 hospes
1120 2838 1234 2890 apud
1277 2851 1404 2891 quem
1446 2838 1518 2879 illa
1557 2847 1685 2881 nocte

784 2926 795 2945 1
809 2926 882 2958 MS.
906 2936 1045 2958 memor.
