2052 3278
364 241 449 281 DE
481 239 1027 282 COGITATIONIBUS
1062 238 1473 281 CARNALIBUS
1631 253 1687 294 49

146 362 257 396 ster:
293 357 417 397 ‘Hoc
446 368 663 408 nunquam
696 356 857 407 poteris
891 368 1193 395 consummare
1206 355 1224 396 '.
1284 355 1529 407 Respondit
1560 368 1688 407 puer:

148 427 157 444 ‘
173 424 245 466 Sic
267 439 345 466 nec
366 432 412 466 tu
433 425 537 465 illud
560 424 673 477 quod
701 425 864 477 cogitas
882 424 889 440 '
909 440 916 464 :
944 431 988 464 et
1008 425 1154 464 statim
1176 437 1280 476 puer
1306 424 1488 464 evanuit.
1551 424 1688 477 Magi-

145 499 230 533 ster
250 501 394 534 autem
416 494 565 534 volens
588 492 773 545 amplius
796 493 1050 545 perscrutari
1077 493 1360 542 maiestatem,
1391 506 1446 532 ne
1470 494 1684 545 opprime-

144 567 260 602 retur
281 577 306 603 a
330 563 476 616 gloria,
504 562 678 603 intravit
701 563 1010 601 monasterium
1037 563 1079 602 in
1107 562 1384 612 Normannia,
1415 568 1458 602 et
1481 562 1684 602 simulans

142 644 187 671 se
208 631 337 671 nichil
359 632 474 681 scire,
497 645 576 685 pro
590 630 710 670 fatuo
727 643 808 683 pro
827 629 1001 671 Christo
1022 630 1273 672 habebatur.
1338 630 1415 671 Set
1436 644 1521 671 non
1544 631 1684 684 potuit

142 700 287 740 lumen
303 707 471 741 tantum
488 701 619 740 latere
635 698 714 739 sub
731 700 889 741 modio.
954 699 1085 740 Unde
1101 701 1383 752 postmodum
1401 701 1455 741 ad
1475 713 1682 754 magnum

140 769 346 810 honorem
367 775 589 823 pervectus
616 774 693 809 est.

547 891 633 944 [De
653 890 977 943 cogitationibus
997 889 1276 943 carnalibus]

226 983 319 1034 (87)
352 982 400 1024 Si
421 982 529 1022 forte
553 981 692 1034 queris
718 995 803 1034 qua
828 979 992 1021 cautela
1019 981 1228 1021 utendum
1257 986 1322 1021 est
1351 981 1406 1021 ad
1439 982 1682 1023 huiusmodi
1697 985 1791 1023 V.P.,
1809 986 1850 1024 V,

138 1050 237 1103 [fol.
267 1051 360 1103 52b]
409 1050 695 1104 cogitaciones
729 1050 1007 1103 superandas,
1043 1050 1331 1102 respondetur
1363 1050 1443 1091 tibi
1478 1052 1519 1091 in
1556 1052 1682 1092 Vitas
1696 1028 1837 1110 ἔξὲῗὲν,

139 1120 316 1160 Patrum
337 1120 409 1161 ubi
430 1121 488 1160 sic
509 1121 713 1173 scriptum
734 1125 809 1160 est.
872 1119 1024 1159 Frater
1045 1119 1225 1172 quidam
1247 1120 1524 1173 interrogavit
1551 1134 1681 1174 quen·
1697 1115 1797 1190 328(P·

137 1189 238 1229 dam
273 1202 444 1229 senem:
481 1189 621 1242 ‘Quid
657 1188 765 1229 facio
806 1188 906 1241 quia
944 1189 1156 1241 cogitacio
1192 1201 1290 1229 mea
1329 1202 1501 1242 semper
1536 1197 1603 1230 est
1638 1191 1680 1231 in
1696 1168 1735 1199 57
1761 1160 1783 1200 )’

137 1257 424 1298 fornicacione
446 1259 638 1299 intenta?
655 1258 663 1273 '
727 1257 806 1300 Cui
828 1271 985 1299 senex:
1021 1257 1234 1311 ‘Quando
1255 1259 1465 1299 demones
1487 1260 1529 1299 in
1552 1261 1682 1301 corde

136 1332 211 1367 tuo
236 1328 464 1376 seminant,
497 1332 539 1367 et
572 1328 704 1367 sentis
737 1327 831 1376 hoc,
868 1340 957 1366 non
992 1326 1247 1380 colloquaris
1279 1340 1378 1368 cum
1412 1327 1680 1379 demonibus,

137 1396 341 1449 quoniam
363 1397 600 1448 demonum
622 1403 688 1437 est
708 1396 809 1437 talia
830 1409 1071 1449 suggerere.
1133 1395 1192 1436 Et
1212 1396 1310 1436 licet
1330 1410 1418 1437 non
1435 1398 1682 1452 necgligant

135 1465 215 1505 hec
255 1466 493 1515 immittere,
531 1471 679 1506 tamen
715 1479 801 1505 non
840 1471 1116 1518 extorquent.
1181 1465 1231 1505 In
1267 1471 1310 1505 te
1346 1479 1448 1520 ergo
1485 1473 1552 1507 est
1592 1480 1679 1507 non

135 1534 350 1587 suscipere
390 1539 433 1574 et
477 1535 701 1587 suscipere.
771 1532 864 1574 Scis
909 1532 1132 1586 quomodo
1177 1533 1370 1573 fecerunt
1416 1534 1677 1586 Madeanite,

135 1603 311 1655 quando
330 1609 595 1643 ornaverunt
616 1602 723 1642 filias
745 1615 842 1642 suas
859 1607 902 1642 et
920 1608 1162 1642 statuerunt
1178 1616 1249 1642 eas
1267 1609 1368 1642 ante
1385 1603 1429 1642 in
1446 1611 1678 1657 conspectu

138 1671 452 1721 Israelitarum3
483 1685 572 1712 non
595 1677 742 1718 tamen
764 1671 888 1711 alicui
912 1676 1200 1721 extorserunt,
1218 1678 1265 1711 ut
1281 1672 1564 1713 miscerentur
1580 1687 1676 1714 curn

134 1740 220 1780 eis:
251 1746 317 1781 set
350 1741 421 1793 qui
457 1740 691 1790 voluerunt,
721 1740 977 1780 introierunt
1004 1739 1059 1780 ad
1093 1753 1178 1780 eas.
1236 1739 1326 1780 Alii
1358 1745 1507 1781 autem
1541 1741 1678 1795 indig-

132 1813 284 1849 nantes
339 1822 435 1849 cum
487 1809 662 1849 interitu
712 1821 858 1849 eorum
912 1810 983 1862 qui
1044 1815 1395 1862 presumpserunt
1448 1810 1526 1850 ulti
1578 1817 1677 1851 sunt

131 1874 487 1916 fornicacionem.'
549 1874 627 1916 Cui
651 1875 808 1915 frater:
846 1875 985 1928 ‘Quid
1011 1875 1165 1916 faciam
1192 1877 1292 1928 quia
1322 1875 1483 1930 fragilis
1509 1890 1603 1918 sum
1633 1885 1675 1919 et

132 1951 308 1997 superat
325 1957 395 1984 me
410 1944 554 1998 passio
571 1945 681 1985 ista?
699 1945 707 1960 '
759 1944 836 1985 Cui
855 1958 990 1985 senex
1007 1960 1015 1985 :
1038 1947 1045 1963 ‘
1064 1944 1260 1985 Intentus
1276 1952 1369 1986 esto
1383 1946 1437 1985 ad
1456 1946 1673 1997 demones,

133 2018 176 2052 et
196 2026 294 2053 cum
316 2013 477 2054 faciunt
497 2013 653 2054 vicium
676 2013 792 2066 loqui
819 2013 862 2053 in
889 2014 1018 2054 corde
1051 2020 1139 2062 tuo,
1170 2027 1258 2054 non
1291 2015 1555 2068 respondeas
1588 2016 1672 2056 eis:

131 2087 200 2121 set
228 2095 353 2135 surge
389 2096 462 2122 ora
495 2089 540 2123 et
573 2095 654 2135 age
686 2083 985 2135 penitenciam,
1019 2083 1191 2133 dicens;
1226 2083 1309 2123 Fili
1344 2083 1438 2133 Dei,
1473 2085 1673 2125 miserere

132 2152 216 2191 mei
229 2150 249 2192 '.
316 2151 509 2205 Explicit
544 2152 806 2205 exemplum.
869 2151 984 2193 Sane
1018 2167 1074 2193 ex
1111 2153 1191 2194 hoc
1226 2154 1428 2207 exemplo
1463 2154 1672 2195 habemus

131 2220 248 2272 quod
270 2221 424 2261 idcirco
446 2220 549 2261 fatui
569 2221 902 2274 cogitationibus
923 2221 1164 2263 carnalibus
1185 2223 1465 2263 succumbunt
1484 2209 1582 2276 quia
1600 2237 1671 2263 eas

130 2289 366 2329 admittunt
401 2296 445 2330 et
479 2290 697 2343 principiis
734 2304 821 2331 non
859 2291 1095 2331 obsistunt:
1130 2292 1238 2331 sicut
1272 2293 1402 2332 etiam
1439 2298 1559 2345 patet
1593 2307 1670 2346 per

129 2358 349 2411 quoddam
371 2359 620 2412 exemplum
641 2360 845 2412 scriptum
871 2361 912 2399 in
935 2360 1061 2400 Vitas
1084 2360 1265 2401 Patrum
1288 2361 1330 2400 in
1347 2359 1459 2401 hunc
1476 2362 1665 2403 modum.

216 2425 306 2480 (88)
342 2427 493 2467 Frater
514 2428 689 2480 quidam
710 2442 807 2469 cum
829 2443 854 2469 a
876 2430 1026 2482 spiritu
1054 2428 1350 2470 fornicacionis
1371 2436 1664 2483 temptaretur,
1686 2436 1769 2468 Ibid.
1791 2446 1828 2475 19

127 2497 246 2536 venit
266 2496 320 2536 ad
342 2497 559 2549 quendam
582 2511 728 2538 senem
752 2510 957 2551 magnum
974 2504 1018 2538 et
1035 2499 1213 2551 rogabat
1229 2511 1328 2539 eum
1344 2500 1491 2539 dicens
1508 2516 1516 2540 :
1551 2502 1558 2519 ‘
1577 2500 1667 2542 Ora
1682 2480 1725 2521 (p.
1744 2481 1831 2520 575)-

127 2579 204 2619 pro
227 2579 296 2605 me
317 2566 416 2617 quia
437 2579 461 2605 a
477 2565 764 2607 fornicacione
785 2567 1018 2607 sollicitor’.
1082 2567 1229 2609 Senex
1250 2574 1393 2608 autem
1414 2568 1666 2621 deprecatus

128 2640 194 2675 est
227 2635 464 2674 Dominum
502 2648 579 2687 pro
614 2648 676 2676 eo.
739 2635 798 2676 Et
835 2637 988 2675 iterum
1025 2636 1214 2676 secundo
1249 2637 1428 2677 veniens
1463 2638 1516 2677 ad
1554 2651 1664 2688 eum,

127 2703 310 2744 eundem
331 2716 574 2743 sermonem
602 2704 738 2754 dixit3
772 2710 815 2744 et
842 2705 901 2745 ita
930 2704 1175 2758 frequenter
1202 2706 1319 2745 venit
1346 2706 1400 2745 ad
1430 2718 1591 2756 Senem,
1621 2714 1664 2748 et

127 2772 196 2812 ille
217 2773 425 2812 instanter
446 2772 584 2812 oravit
614 2773 851 2813 Dominum
881 2787 957 2826 pro
986 2788 1048 2822 eo,
1074 2774 1244 2814 dicens:
1278 2773 1501 2823 ‘Domine,
1525 2777 1664 2817 revela

126 2841 230 2881 mihi
257 2841 373 2881 unde
401 2842 443 2880 in
470 2841 551 2881 hoc
579 2841 705 2881 fratre
732 2843 931 2894 operacio
960 2843 1042 2883 ista
1069 2849 1147 2893 est,
1178 2844 1381 2895 quoniam
1408 2844 1660 2896 deprecatus

126 2923 219 2951 sum
247 2915 291 2950 te
318 2916 361 2950 et
389 2911 624 2951 remedium
653 2911 753 2964 [fol.
791 2920 809 2963 5
818 2911 889 2964 ga]
917 2925 1003 2952 non
1036 2912 1238 2953 invenit'.
1303 2912 1363 2952 Et
1388 2913 1591 2954 revelavit
1621 2916 1658 2955 ei

880 2981 906 3020 4
