2052 3278
302 217 355 257 86
735 216 924 257 LIBER
958 216 1410 259 EXEMPLORUM

296 339 499 385 rogantes
540 332 777 374 Dominum
814 333 1026 372 instanter
1058 334 1173 385 quod
1215 333 1417 375 defendat
1458 348 1533 375 vos
1559 335 1630 376 'ab
1671 335 1836 376 insidiis

296 415 454 451 eorum,
494 404 595 443 certi
635 402 726 442 sitis
768 401 882 455 quod
915 401 1036 442 vobis
1071 416 1225 443 nocere
1264 417 1350 443 non
1386 403 1592 444 valerent.
1655 403 1713 444 Et
1742 419 1834 455 vos,

292 469 441 523 inquit,
464 471 619 511 videtis
639 476 682 511 et
704 471 820 511 scitis
851 471 967 523 quod
990 484 1068 511 nos
1090 484 1235 512 sumus
1257 471 1457 513 homines
1491 471 1546 512 de
1569 473 1732 513 mundo
1763 473 1835 527 qui

294 538 392 592 [fol.
427 540 525 593 78b]
560 541 655 593 plus
689 539 867 580 facimus
901 546 1049 581 contra
1082 553 1156 581 eos
1191 547 1234 581 et
1267 541 1387 594 plura
1421 540 1534 581 mala
1567 541 1750 582 dicimus
1782 543 1836 583 de

291 608 373 657 eis;
407 614 449 648 et
469 622 550 662 ego
584 622 679 649 sum
713 609 781 648 hic
814 615 935 649 stans
969 613 1011 648 et
1032 610 1178 649 omnia
1211 609 1290 650 hec
1313 609 1428 651 mala
1456 611 1603 650 dicens
1625 609 1680 650 de
1701 610 1762 651 eis
1792 617 1834 652 et

290 677 538 729 predicans;
590 683 633 718 et
672 691 753 731 ego
793 677 893 718 volo
928 683 972 718 et
1008 678 1105 719 dico
1139 678 1199 719 eis
1241 679 1357 732 quod
1394 679 1570 719 veniant
1600 679 1654 719 ad
1687 693 1756 720 me
1791 686 1835 720 et

289 745 443 786 faciant
475 745 604 787 michi
636 747 837 800 quicquid
870 753 1059 801 possunt.
1121 747 1323 797 Veniant,
1355 748 1517 801 inquid,
1553 749 1764 789 demones
1801 750 1835 790 si

287 815 461 865 audent,
485 821 526 856 et
547 830 698 857 omnes
720 816 920 857 veniant!
973 816 1119 870 Quare
1135 830 1222 857 non
1240 818 1448 857 veniunt?
1501 816 1618 870 Quid
1640 817 1833 858 faciunt?

290 884 377 925 Ubi
419 889 549 926 sunt?
614 886 878 927 Huiusmodi
907 886 1039 926 verba
1071 885 1340 926 insultatoria
1371 886 1532 939 replico
1576 887 1618 926 in
1661 887 1834 928 auribus

284 953 419 994 totius
457 954 625 1008 populi?
689 957 747 996 Et
777 969 875 996 6666
905 955 960 996 ab
992 955 1065 996 illa
1096 954 1201 996 hora
1222 962 1490 996 evanuerunt
1510 956 1734 1006 demones,
1774 956 1835 996 ita

283 1025 398 1075 quod
441 1037 660 1077 nunquam
702 1030 857 1078 postea
898 1025 940 1065 in
982 1030 1097 1065 terra
1137 1024 1210 1065 illa
1250 1031 1551 1077 apparuerunt,
1601 1031 1644 1065 et
1685 1025 1832 1066 statim

283 1094 464 1134 cessavit
486 1093 735 1146 pestilencia
765 1108 850 1147 que
882 1094 1032 1135 tandiu
1063 1095 1106 1134 in
1129 1094 1289 1147 populo
1319 1093 1618 1135 miserabiliter
1639 1100 1835 1148 grassata

282 1160 430 1204 fuerat.
492 1163 663 1204 Videtis
696 1177 824 1216 quam
860 1177 1010 1216 parum
1045 1169 1225 1216 possunt
1261 1163 1471 1203 demones
1504 1164 1575 1204 ubi
1597 1163 1746 1204 obviat
1775 1164 1836 1203 eis

282 1230 405 1286 firma
425 1230 534 1272 fides
556 1246 612 1272 ex
633 1246 718 1285 quo
740 1233 793 1272 ad
816 1246 965 1273 vocem
990 1232 1305 1272 insultatoriam
1328 1234 1451 1272 unius
1475 1232 1616 1273 fratris
1636 1234 1834 1286 pauperis

279 1313 337 1340 ex
388 1301 509 1341 firma
549 1301 633 1341 fide
675 1302 983 1355 procedentem
1036 1306 1264 1341 evacuatus
1311 1307 1403 1341 erat
1455 1308 1630 1342 conatus
1671 1315 1831 1344 eorum.

282 1369 476 1423 Explicit
499 1370 762 1424 exemplum.

463 1481 657 1533 Defilz'z's
679 1481 807 1522 malis
829 1481 940 1521 male
959 1495 1001 1521 se
1023 1480 1274 1521 habentibus
1296 1495 1398 1535 erga
1411 1488 1627 1534 parentes.

66 1585 144 1617 Gul.
368 1574 487 1627 (143)
522 1573 716 1627 Quidam
745 1573 1053 1627 paterfamilias
1077 1586 1211 1614 senex
1233 1579 1373 1614 totam
1397 1573 1689 1613 hereditatem
1712 1586 1831 1613 suam

66 1628 208 1704 ξξῇξέ
226 1673 266 1705 de
279 1643 443 1684 dimisit
475 1643 562 1684 filio
594 1657 670 1684 suo
688 1659 697 1695 ;
729 1644 800 1696 qui
833 1644 973 1697 primo
1003 1642 1192 1696 benigne
1223 1642 1305 1696 [se]
1335 1641 1484 1682 habuit
1518 1655 1621 1695 erga
1654 1648 1832 1695 patrem,

64 1716 180 1748 Viciis-
278 1713 351 1752 sed
393 1719 494 1766 post
534 1712 702 1766 expulit
744 1726 842 1753 eum
884 1726 909 1752 a
950 1710 1112 1752 talamo
1153 1725 1242 1760 suo,
1286 1711 1435 1752 volens
1480 1725 1579 1751 eum
1626 1710 1831 1752 talamum

277 1783 437 1824 habere
472 1784 552 1824 sibi
585 1790 628 1823 61
661 1784 785 1824 11Χο11
820 1797 903 1832 5116,
937 1788 981 1823 61
1013 1783 1067 1822 ad
1102 1782 1300 1822 ultimum
1340 1782 1437 1822 fecit
1473 1783 1512 1822 ei
1549 1781 1704 1822 lectum
1742 1781 1831 1822 fieri

277 1860 376 1906 post
426 1853 625 1894 hostium.
700 1854 757 1893 Et
799 1867 896 1893 cum
937 1865 1059 1905 yems
1099 1857 1209 1892 esset
1246 1857 1291 1892 et
1333 1858 1453 1905 pater
1494 1865 1629 1892 senex
1669 1851 1833 1905 frigore

278 1929 478 1976 gravatus
528 1924 628 1975 quia
678 1922 786 1963 filius
836 1921 1075 1963 abstulisset
1126 1920 1204 1962 sibi
1254 1920 1370 1961 bona
1419 1922 1699 1973 coopertoria,
1746 1922 1836 1974 ipse

279 1994 448 2045 rogavit
484 1992 617 2032 filium
656 1992 730 2032 filii
766 1993 827 2032 sui
864 1997 911 2031 ut
944 1997 1113 2044 rogaret
1149 1997 1315 2044 patrem
1354 2003 1432 2043 pro
1466 2004 1518 2030 eo
1554 1997 1599 2031 ut
1637 1991 1759 2031 daret
1795 1992 1832 2031 ei

278 2062 332 2102 ad
367 2062 602 2116 tegendum
637 2076 690 2102 se.
754 2062 862 2101 Puer
892 2066 1035 2101 autem
1067 2061 1142 2100 vix
1177 2058 1361 2100 obtinuit
1392 2059 1498 2100 duas
1528 2059 1650 2100 ulnas
1686 2060 1834 2100 burelli

278 2145 303 2171 a
343 2137 465 2184 patre
504 2145 581 2171 suo
621 2132 675 2171 ad
717 2144 824 2185 opus
864 2131 931 2171 avi
973 2131 1046 2179 sui,
1089 2135 1134 2170 et
1174 2143 1270 2170 cum
1314 2129 1397 2169 alie
1438 2130 1522 2170 due
1564 2136 1833 2170 remanerent

279 2202 390 2254 patri
442 2201 571 2253 pueri,
625 2213 730 2252 puer
781 2199 926 2239 flendo
977 2200 1145 2252 rogavit
1190 2212 1261 2238 eas
1307 2198 1386 2238 sibi
1433 2198 1540 2240 dari.
1603 2199 1707 2253 [fol.
1730 2199 1833 2253 79⁶2]

282 2271 528 2323 Requisitus
561 2285 585 2310 a
617 2276 737 2323 patre
768 2269 871 2322 quid
906 2268 1009 2309 inde
1042 2269 1228 2310 faceret:
1262 2267 1507 2318 ‘Servab0,’
1543 2270 1704 2322 inquid,
1740 2273 1833 2309 ‘eas

279 2353 497 2393 quousque
547 2341 602 2379 sis
652 2338 789 2392 qualis
839 2344 902 2378 est
952 2344 1075 2391 pater
1124 2343 1228 2378 111115.
1296 2337 1388 2377 Ν66
1438 2343 1539 2378 111116
1589 2338 1667 2379 tibi
1719 2338 1833 2380 dabo

280 2410 462 2462 amplius
503 2410 608 2449 sicut
648 2421 728 2448 nec
770 2413 815 2448 tu
854 2408 918 2447 vis
961 2408 1053 2460 plus
1094 2406 1227 2447 modo
1270 2406 1374 2447 dare
1415 2409 1524 2460 patri
1567 2407 1664 2450 tu0.'
1734 2408 1832 2449 Hoc

282 2479 531 2532 exemplum
564 2479 767 2530 scriptum
798 2482 861 2517 est
892 2477 934 2516 in
966 2490 1134 2517 summa
1165 2476 1219 2516 de
1249 2476 1376 2517 viciis.

70 2556 155 2597 Aug.
176 2555 217 2586 de
370 2549 494 2600 (144)
527 2547 670 2601 Quam
702 2547 756 2587 sit
787 2546 1069 2599 periculosum
1101 2552 1144 2585 et
1176 2546 1274 2585 Deo
1304 2545 1502 2586 odiosum
1525 2546 1642 2599 quod
1665 2548 1832 2600 parenti

71 2599 270 2681 {3333}ss
283 2617 423 2671 proles
473 2617 626 2657 inferat
677 2616 885 2664 iniuriam,
915 2614 1120 2667 exemplo
1171 2614 1361 2667 quodam
1412 2616 1573 2655 tradito
1627 2629 1652 2655 a
1704 2616 1833 2656 beato

72 2696 124 2718 22·
286 2685 530 2739 Augustino
561 2687 602 2725 in
635 2685 743 2726 libro
777 2685 832 2725 de
862 2685 1036 2725 civitate
1072 2684 1155 2724 Dei
1188 2682 1293 2724 tibi¹
1328 2684 1551 2725 evidenter
1583 2683 1834 2725 declaratur.

285 2755 364 2795 Ait
399 2756 541 2796 enim:
587 2755 753 2796 Decem
790 2754 965 2807 quidam
1003 2753 1161 2801 fratres,
1199 2754 1260 2794 i.e.
1298 2753 1448 2793 decem
1486 2755 1615 2806 pueri,
1652 2767 1832 2806 quorum

283 2825 341 2864 vii
376 2830 472 2864 sunt
508 2837 659 2873 mares,
694 2829 778 2864 tres
810 2821 982 2872 femine,
1020 2822 1074 2862 de
1111 2821 1314 2863 Cessarea
1351 2821 1629 2876 Cappadocie
1663 2835 1833 2863 suorum

982 2911 992 2931 ¹
1006 2913 1080 2943 MS.
1100 2912 1136 2944 ti.
