<?xml version="1.0" encoding="UTF-8"?>
<!DOCTYPE html PUBLIC "-//W3C//DTD XHTML 1.0 Transitional//EN"
    "http://www.w3.org/TR/xhtml1/DTD/xhtml1-transitional.dtd">
<html xmlns="http://www.w3.org/1999/xhtml" xml:lang="en" lang="en">
 <head>
  <title>
</title>
<meta http-equiv="Content-Type" content="text/html;charset=utf-8" />
  <meta name='ocr-system' content='tesseract 3.04.00' />
  <meta name='ocr-capabilities' content='ocr_page ocr_carea ocr_par ocr_line ocrx_word'/>
</head>
<body>
  <div class='ocr_page' id='page_1' title='image "./liberexemploruma00litt_0085.png"; bbox 0 0 2052 3278; ppageno 0'>
   <div class='ocr_carea' id='block_1_1' title="bbox 701 199 1693 284">
    <p class='ocr_par' dir='ltr' id='par_1_1' title="bbox 701 199 1693 284">
     <span class='ocr_line' id='line_1_1' title="bbox 701 199 1693 284; baseline -0.001 -11"><span class='ocrx_word' id='word_1_1' title='bbox 701 199 786 273; x_wconf 77' lang='lat' dir='ltr'>DE</span> <span class='ocrx_word' id='word_1_2' title='bbox 820 232 1144 275; x_wconf 81' lang='lat' dir='ltr'><strong>CARITATE</strong></span> <span class='ocrx_word' id='word_1_3' title='bbox 1639 241 1693 284; x_wconf 82' lang='lat'>47</span> 
     </span>
    </p>
   </div>
   <div class='ocr_carea' id='block_1_2' title="bbox 158 347 1699 884">
    <p class='ocr_par' dir='ltr' id='par_1_2' title="bbox 158 347 1699 884">
     <span class='ocr_line' id='line_1_2' title="bbox 158 347 1695 401; baseline 0 -13"><span class='ocrx_word' id='word_1_4' title='bbox 158 361 258 388; x_wconf 92' lang='lat' dir='ltr'>cum</span> <span class='ocrx_word' id='word_1_5' title='bbox 299 349 600 401; x_wconf 77' lang='lat' dir='ltr'>baptizaretur,</span> <span class='ocrx_word' id='word_1_6' title='bbox 643 347 786 388; x_wconf 86' lang='lat' dir='ltr'>salvus</span> <span class='ocrx_word' id='word_1_7' title='bbox 826 348 1006 389; x_wconf 82' lang='lat' dir='ltr'>effectus</span> <span class='ocrx_word' id='word_1_8' title='bbox 1053 354 1130 398; x_wconf 88' lang='lat' dir='ltr'>est,</span> <span class='ocrx_word' id='word_1_9' title='bbox 1176 354 1220 389; x_wconf 93' lang='lat' dir='ltr'>et</span> <span class='ocrx_word' id='word_1_10' title='bbox 1266 347 1470 388; x_wconf 89' lang='lat' dir='ltr'>liberatus</span> <span class='ocrx_word' id='word_1_11' title='bbox 1516 353 1695 401; x_wconf 86' lang='lat' dir='ltr'>utraque</span> 
     </span>
     <span class='ocr_line' id='line_1_3' title="bbox 161 416 1696 470; baseline 0.001 -15"><span class='ocrx_word' id='word_1_12' title='bbox 161 417 370 466; x_wconf 84' lang='lat' dir='ltr'>molestia,</span> <span class='ocrx_word' id='word_1_13' title='bbox 412 423 616 470; x_wconf 81' lang='lat' dir='ltr'>tanquam</span> <span class='ocrx_word' id='word_1_14' title='bbox 659 417 760 456; x_wconf 91' lang='lat' dir='ltr'>mali</span> <span class='ocrx_word' id='word_1_15' title='bbox 801 417 931 457; x_wconf 83' lang='lat' dir='ltr'>nichil</span> <span class='ocrx_word' id='word_1_16' title='bbox 976 417 1200 458; x_wconf 82' lang='lat' dir='ltr'>habuisset</span> <span class='ocrx_word' id='word_1_17' title='bbox 1241 416 1283 456; x_wconf 91' lang='lat' dir='ltr'>in</span> <span class='ocrx_word' id='word_1_18' title='bbox 1324 430 1515 470; x_wconf 91' lang='lat' dir='ltr'>corpore,</span> <span class='ocrx_word' id='word_1_19' title='bbox 1556 422 1602 456; x_wconf 91' lang='lat' dir='ltr'>ut</span> <span class='ocrx_word' id='word_1_20' title='bbox 1642 417 1696 456; x_wconf 91' lang='lat' dir='ltr'>de</span> 
     </span>
     <span class='ocr_line' id='line_1_4' title="bbox 161 484 1697 539; baseline 0.001 -15"><span class='ocrx_word' id='word_1_21' title='bbox 161 484 283 525; x_wconf 89' lang='lat' dir='ltr'>fonte</span> <span class='ocrx_word' id='word_1_22' title='bbox 303 485 641 539; x_wconf 84' lang='lat' dir='ltr'>regeneracionis</span> <span class='ocrx_word' id='word_1_23' title='bbox 672 485 881 526; x_wconf 86' lang='lat' dir='ltr'>ascendit.</span> <span class='ocrx_word' id='word_1_24' title='bbox 943 485 1051 538; x_wconf 76' lang='lat' dir='ltr'>Quis</span> <span class='ocrx_word' id='word_1_25' title='bbox 1082 486 1164 525; x_wconf 94' lang='lat' dir='ltr'>hoc</span> <span class='ocrx_word' id='word_1_26' title='bbox 1195 491 1337 538; x_wconf 92' lang='lat' dir='ltr'>preter</span> <span class='ocrx_word' id='word_1_27' title='bbox 1368 485 1558 526; x_wconf 89' lang='lat' dir='ltr'>Curubin</span> <span class='ocrx_word' id='word_1_28' title='bbox 1580 484 1697 525; x_wconf 87' lang='lat' dir='ltr'>novit</span> 
     </span>
     <span class='ocr_line' id='line_1_5' title="bbox 160 553 1698 607; baseline -0.001 -13"><span class='ocrx_word' id='word_1_29' title='bbox 160 560 204 594; x_wconf 91' lang='lat' dir='ltr'>et</span> <span class='ocrx_word' id='word_1_30' title='bbox 235 560 378 607; x_wconf 91' lang='lat' dir='ltr'>preter</span> <span class='ocrx_word' id='word_1_31' title='bbox 406 553 645 594; x_wconf 90' lang='lat' dir='ltr'>rarissimos</span> <span class='ocrx_word' id='word_1_32' title='bbox 680 553 847 606; x_wconf 85' lang='lat' dir='ltr'>aliquos</span> <span class='ocrx_word' id='word_1_33' title='bbox 881 555 952 607; x_wconf 87' lang='lat' dir='ltr'>qui</span> <span class='ocrx_word' id='word_1_34' title='bbox 985 554 1064 594; x_wconf 90' lang='lat' dir='ltr'>hoc</span> <span class='ocrx_word' id='word_1_35' title='bbox 1097 553 1342 607; x_wconf 90' lang='lat' dir='ltr'>ubicunque</span> <span class='ocrx_word' id='word_1_36' title='bbox 1372 553 1520 594; x_wconf 89' lang='lat' dir='ltr'>audire</span> <span class='ocrx_word' id='word_1_37' title='bbox 1550 559 1698 607; x_wconf 91' lang='lat' dir='ltr'>potue-</span> 
     </span>
     <span class='ocr_line' id='line_1_6' title="bbox 162 622 1699 676; baseline 0 -13"><span class='ocrx_word' id='word_1_38' title='bbox 162 628 295 664; x_wconf 87' lang='lat' dir='ltr'>runt?</span> <span class='ocrx_word' id='word_1_39' title='bbox 368 623 460 663; x_wconf 92' lang='lat' dir='ltr'>Nos</span> <span class='ocrx_word' id='word_1_40' title='bbox 495 628 644 663; x_wconf 90' lang='lat' dir='ltr'>autem</span> <span class='ocrx_word' id='word_1_41' title='bbox 680 635 778 663; x_wconf 89' lang='lat' dir='ltr'>cum</span> <span class='ocrx_word' id='word_1_42' title='bbox 804 623 896 662; x_wconf 82' lang='lat' dir='ltr'>-hoc</span> <span class='ocrx_word' id='word_1_43' title='bbox 935 624 1308 676; x_wconf 80' lang='lat' dir='ltr'><strong>comperissemus,</strong></span> <span class='ocrx_word' id='word_1_44' title='bbox 1339 622 1514 664; x_wconf 90' lang='lat' dir='ltr'>iubente</span> <span class='ocrx_word' id='word_1_45' title='bbox 1550 628 1699 663; x_wconf 88' lang='lat' dir='ltr'>sancto</span> 
     </span>
     <span class='ocr_line' id='line_1_7' title="bbox 160 679 1697 745; baseline -0.001 -13"><span class='ocrx_word' id='word_1_46' title='bbox 160 679 366 745; x_wconf 88' lang='lat' dir='ltr'>episcopo</span> <span class='ocrx_word' id='word_1_47' title='bbox 418 691 606 739; x_wconf 86' lang='lat' dir='ltr'>Aurelio,</span> <span class='ocrx_word' id='word_1_48' title='bbox 655 692 789 732; x_wconf 90' lang='lat' dir='ltr'>etiam</span> <span class='ocrx_word' id='word_1_49' title='bbox 841 696 888 731; x_wconf 92' lang='lat' dir='ltr'>ut</span> <span class='ocrx_word' id='word_1_50' title='bbox 939 692 1105 732; x_wconf 90' lang='lat' dir='ltr'>veniret</span> <span class='ocrx_word' id='word_1_51' title='bbox 1158 691 1434 744; x_wconf 81' lang='lat' dir='ltr'>Cartaginem</span> <span class='ocrx_word' id='word_1_52' title='bbox 1486 692 1697 741; x_wconf 89' lang='lat' dir='ltr'>fecimus;</span> 
     </span>
     <span class='ocr_line' id='line_1_8' title="bbox 162 760 1699 815; baseline 0 -14"><span class='ocrx_word' id='word_1_53' title='bbox 162 761 359 815; x_wconf 85' lang='lat' dir='ltr'>quamvis</span> <span class='ocrx_word' id='word_1_54' title='bbox 391 772 415 800; x_wconf 87' lang='lat' dir='ltr'>a</span> <span class='ocrx_word' id='word_1_55' title='bbox 445 760 604 801; x_wconf 90' lang='lat' dir='ltr'>talibus</span> <span class='ocrx_word' id='word_1_56' title='bbox 636 760 753 813; x_wconf 90' lang='lat' dir='ltr'>prius</span> <span class='ocrx_word' id='word_1_57' title='bbox 788 760 1047 800; x_wconf 82' lang='lat' dir='ltr'><strong>audierimus</strong></span> <span class='ocrx_word' id='word_1_58' title='bbox 1079 760 1136 800; x_wconf 90' lang='lat' dir='ltr'>de</span> <span class='ocrx_word' id='word_1_59' title='bbox 1167 773 1349 814; x_wconf 87' lang='lat' dir='ltr'>quorum</span> <span class='ocrx_word' id='word_1_60' title='bbox 1382 760 1467 801; x_wconf 88' lang='lat' dir='ltr'>fide</span> <span class='ocrx_word' id='word_1_61' title='bbox 1502 761 1699 801; x_wconf 89' lang='lat' dir='ltr'>dubitare</span> 
     </span>
     <span class='ocr_line' id='line_1_9' title="bbox 163 842 521 884; baseline -0.003 -14"><span class='ocrx_word' id='word_1_62' title='bbox 163 844 252 870; x_wconf 92' lang='lat' dir='ltr'>non</span> <span class='ocrx_word' id='word_1_63' title='bbox 284 842 521 884; x_wconf 79' lang='lat' dir='ltr'>possemus.</span> 
     </span>
    </p>
   </div>
   <div class='ocr_carea' id='block_1_3' title="bbox 657 947 1208 988">
    <p class='ocr_par' dir='ltr' id='par_1_3' title="bbox 657 947 1208 988">
     <span class='ocr_line' id='line_1_10' title="bbox 657 947 1208 988; baseline 0 -1"><span class='ocrx_word' id='word_1_64' title='bbox 657 947 725 987; x_wconf 79' lang='lat' dir='ltr'>De</span> <span class='ocrx_word' id='word_1_65' title='bbox 755 947 936 987; x_wconf 70' lang='lat' dir='ltr'>caritate</span> <span class='ocrx_word' id='word_1_66' title='bbox 965 947 1029 987; x_wconf 82' lang='lat' dir='ltr'>ad</span> <span class='ocrx_word' id='word_1_67' title='bbox 1054 947 1208 988; x_wconf 81' lang='lat' dir='ltr'>Deum.</span> 
     </span>
    </p>
   </div>
   <div class='ocr_carea' id='block_1_4' title="bbox 160 1033 1913 1922">
    <p class='ocr_par' dir='ltr' id='par_1_4' title="bbox 160 1033 1913 1922">
     <span class='ocr_line' id='line_1_11' title="bbox 251 1033 1844 1095; baseline -0.002 -15"><span class='ocrx_word' id='word_1_68' title='bbox 251 1033 338 1090; x_wconf 83' lang='lat'><em>(80)</em></span> <span class='ocrx_word' id='word_1_69' title='bbox 373 1038 613 1080; x_wconf 89' lang='lat' dir='ltr'>Caritatem</span> <span class='ocrx_word' id='word_1_70' title='bbox 650 1039 791 1079; x_wconf 90' lang='lat' dir='ltr'>adhuc</span> <span class='ocrx_word' id='word_1_71' title='bbox 822 1046 866 1080; x_wconf 92' lang='lat' dir='ltr'>et</span> <span class='ocrx_word' id='word_1_72' title='bbox 896 1053 1091 1080; x_wconf 89' lang='lat' dir='ltr'>amorem</span> <span class='ocrx_word' id='word_1_73' title='bbox 1128 1044 1324 1080; x_wconf 90' lang='lat' dir='ltr'>nostrum</span> <span class='ocrx_word' id='word_1_74' title='bbox 1358 1039 1414 1079; x_wconf 91' lang='lat' dir='ltr'>ad</span> <span class='ocrx_word' id='word_1_75' title='bbox 1448 1039 1592 1080; x_wconf 90' lang='lat' dir='ltr'>Deum</span> <span class='ocrx_word' id='word_1_76' title='bbox 1625 1054 1702 1080; x_wconf 82' lang='lat' dir='ltr'>ex·</span> <span class='ocrx_word' id='word_1_77' title='bbox 1716 1046 1793 1078; x_wconf 88' lang='lat' dir='ltr'>Gul.</span> <span class='ocrx_word' id='word_1_78' title='bbox 1837 1091 1844 1095; x_wconf 23' lang='grc' dir='ltr'>ἱ</span> 
     </span>
     <span class='ocr_line' id='line_1_12' title="bbox 160 1089 1857 1164; baseline 0.001 -16"><span class='ocrx_word' id='word_1_79' title='bbox 160 1114 362 1161; x_wconf 85' lang='lat' dir='ltr'>torquere</span> <span class='ocrx_word' id='word_1_80' title='bbox 381 1108 543 1149; x_wconf 90' lang='lat' dir='ltr'>debent</span> <span class='ocrx_word' id='word_1_81' title='bbox 558 1108 765 1149; x_wconf 89' lang='lat' dir='ltr'>beneficia</span> <span class='ocrx_word' id='word_1_82' title='bbox 780 1108 954 1149; x_wconf 89' lang='lat' dir='ltr'>assidua</span> <span class='ocrx_word' id='word_1_83' title='bbox 975 1109 1099 1149; x_wconf 90' lang='lat' dir='ltr'>nobis</span> <span class='ocrx_word' id='word_1_84' title='bbox 1120 1109 1298 1150; x_wconf 82' lang='lat' dir='ltr'><strong>exibita.</strong></span> <span class='ocrx_word' id='word_1_85' title='bbox 1356 1108 1625 1161; x_wconf 81' lang='lat' dir='ltr'>Exemplum</span> <span class='ocrx_word' id='word_1_86' title='bbox 1648 1109 1700 1149; x_wconf 91' lang='lat' dir='ltr'>de</span> <span class='ocrx_word' id='word_1_87' title='bbox 1716 1089 1857 1164; x_wconf 53' lang='grc' dir='ltr'>ξὲξξζ</span> 
     </span>
     <span class='ocr_line' id='line_1_13' title="bbox 161 1176 1894 1231; baseline 0.001 -14"><span class='ocrx_word' id='word_1_88' title='bbox 161 1177 295 1226; x_wconf 92' lang='lat' dir='ltr'>leone,</span> <span class='ocrx_word' id='word_1_89' title='bbox 318 1177 373 1217; x_wconf 91' lang='lat' dir='ltr'>de</span> <span class='ocrx_word' id='word_1_90' title='bbox 394 1191 479 1230; x_wconf 87' lang='lat' dir='ltr'>quo</span> <span class='ocrx_word' id='word_1_91' title='bbox 501 1177 645 1227; x_wconf 87' lang='lat' dir='ltr'>fertur,</span> <span class='ocrx_word' id='word_1_92' title='bbox 670 1178 780 1218; x_wconf 89' lang='lat' dir='ltr'>sicut</span> <span class='ocrx_word' id='word_1_93' title='bbox 801 1177 958 1218; x_wconf 87' lang='lat' dir='ltr'>dicitur</span> <span class='ocrx_word' id='word_1_94' title='bbox 978 1178 1022 1218; x_wconf 91' lang='lat' dir='ltr'>in</span> <span class='ocrx_word' id='word_1_95' title='bbox 1044 1190 1215 1218; x_wconf 90' lang='lat' dir='ltr'>summa</span> <span class='ocrx_word' id='word_1_96' title='bbox 1236 1179 1292 1218; x_wconf 92' lang='lat' dir='ltr'>de</span> <span class='ocrx_word' id='word_1_97' title='bbox 1313 1176 1444 1226; x_wconf 82' lang='lat' dir='ltr'>viciis,</span> <span class='ocrx_word' id='word_1_98' title='bbox 1467 1177 1583 1231; x_wconf 87' lang='lat' dir='ltr'>quod</span> <span class='ocrx_word' id='word_1_99' title='bbox 1603 1191 1699 1218; x_wconf 90' lang='lat' dir='ltr'>cum</span> <span class='ocrx_word' id='word_1_100' title='bbox 1716 1178 1894 1208; x_wconf 77' lang='lat' dir='ltr'>Virtutum.</span> 
     </span>
     <span class='ocr_line' id='line_1_14' title="bbox 161 1244 1701 1300; baseline 0 -14"><span class='ocrx_word' id='word_1_101' title='bbox 161 1244 276 1286; x_wconf 91' lang='lat' dir='ltr'>hunc</span> <span class='ocrx_word' id='word_1_102' title='bbox 307 1246 484 1300; x_wconf 87' lang='lat' dir='ltr'>quidam</span> <span class='ocrx_word' id='word_1_103' title='bbox 517 1246 639 1287; x_wconf 87' lang='lat' dir='ltr'>miles</span> <span class='ocrx_word' id='word_1_104' title='bbox 670 1260 695 1287; x_wconf 87' lang='lat' dir='ltr'>a</span> <span class='ocrx_word' id='word_1_105' title='bbox 726 1253 927 1300; x_wconf 80' lang='lat' dir='ltr'>serpente</span> <span class='ocrx_word' id='word_1_106' title='bbox 959 1246 1156 1287; x_wconf 87' lang='lat' dir='ltr'>liberavit</span> <span class='ocrx_word' id='word_1_107' title='bbox 1188 1246 1268 1300; x_wconf 90' lang='lat' dir='ltr'>[et]</span> <span class='ocrx_word' id='word_1_108' title='bbox 1288 1260 1314 1286; x_wconf 91' lang='lat' dir='ltr'>a</span> <span class='ocrx_word' id='word_1_109' title='bbox 1338 1246 1472 1287; x_wconf 88' lang='lat' dir='ltr'>milite</span> <span class='ocrx_word' id='word_1_110' title='bbox 1503 1246 1701 1287; x_wconf 87' lang='lat' dir='ltr'>recedere</span> 
     </span>
     <span class='ocr_line' id='line_1_15' title="bbox 161 1314 1701 1368; baseline 0.001 -13"><span class='ocrx_word' id='word_1_111' title='bbox 161 1315 307 1357; x_wconf 91' lang='lat' dir='ltr'>noluit.</span> <span class='ocrx_word' id='word_1_112' title='bbox 390 1314 507 1368; x_wconf 76' lang='lat' dir='ltr'>Quid</span> <span class='ocrx_word' id='word_1_113' title='bbox 547 1315 676 1368; x_wconf 83' lang='lat' dir='ltr'>igitur</span> <span class='ocrx_word' id='word_1_114' title='bbox 714 1315 1009 1356; x_wconf 79' lang='lat' dir='ltr'>excusacionis</span> <span class='ocrx_word' id='word_1_115' title='bbox 1050 1315 1284 1363; x_wconf 86' lang='lat' dir='ltr'>habebunt,</span> <span class='ocrx_word' id='word_1_116' title='bbox 1332 1315 1405 1368; x_wconf 89' lang='lat' dir='ltr'>qui</span> <span class='ocrx_word' id='word_1_117' title='bbox 1451 1316 1701 1356; x_wconf 88' lang='lat' dir='ltr'>deserentes</span> 
     </span>
     <span class='ocr_line' id='line_1_16' title="bbox 163 1383 1702 1438; baseline -0.001 -13"><span class='ocrx_word' id='word_1_118' title='bbox 163 1383 481 1437; x_wconf 83' lang='lat' dir='ltr'>redemptorem</span> <span class='ocrx_word' id='word_1_119' title='bbox 518 1397 645 1425; x_wconf 82' lang='lat' dir='ltr'>suum</span> <span class='ocrx_word' id='word_1_120' title='bbox 686 1385 875 1438; x_wconf 87' lang='lat' dir='ltr'>serpenti</span> <span class='ocrx_word' id='word_1_121' title='bbox 917 1384 1128 1425; x_wconf 83' lang='lat' dir='ltr'>adherent</span> <span class='ocrx_word' id='word_1_122' title='bbox 1164 1384 1393 1425; x_wconf 82' lang='lat' dir='ltr'>infernali?</span> <span class='ocrx_word' id='word_1_123' title='bbox 1455 1385 1502 1427; x_wconf 85' lang='lat' dir='ltr'>Si</span> <span class='ocrx_word' id='word_1_124' title='bbox 1536 1384 1702 1438; x_wconf 89' lang='lat' dir='ltr'>lapides</span> 
     </span>
     <span class='ocr_line' id='line_1_17' title="bbox 160 1452 1702 1506; baseline 0.001 -13"><span class='ocrx_word' id='word_1_125' title='bbox 160 1460 366 1493; x_wconf 86' lang='lat' dir='ltr'>cavantur</span> <span class='ocrx_word' id='word_1_126' title='bbox 395 1453 529 1506; x_wconf 81' lang='lat' dir='ltr'>guttis</span> <span class='ocrx_word' id='word_1_127' title='bbox 564 1467 675 1506; x_wconf 86' lang='lat' dir='ltr'>aque</span> <span class='ocrx_word' id='word_1_128' title='bbox 710 1452 916 1503; x_wconf 86' lang='lat' dir='ltr'>cadentis,</span> <span class='ocrx_word' id='word_1_129' title='bbox 952 1466 1082 1506; x_wconf 87' lang='lat' dir='ltr'>quam</span> <span class='ocrx_word' id='word_1_130' title='bbox 1120 1455 1448 1495; x_wconf 80' lang='lat' dir='ltr'>excusacionem</span> <span class='ocrx_word' id='word_1_131' title='bbox 1484 1454 1702 1495; x_wconf 90' lang='lat' dir='ltr'>habebunt</span> 
     </span>
     <span class='ocr_line' id='line_1_18' title="bbox 162 1522 1701 1575; baseline 0.001 -13"><span class='ocrx_word' id='word_1_132' title='bbox 162 1522 293 1562; x_wconf 89' lang='lat' dir='ltr'>corda</span> <span class='ocrx_word' id='word_1_133' title='bbox 314 1522 420 1562; x_wconf 91' lang='lat' dir='ltr'>dura</span> <span class='ocrx_word' id='word_1_134' title='bbox 440 1535 523 1575; x_wconf 88' lang='lat' dir='ltr'>que</span> <span class='ocrx_word' id='word_1_135' title='bbox 543 1536 629 1563; x_wconf 91' lang='lat' dir='ltr'>non</span> <span class='ocrx_word' id='word_1_136' title='bbox 651 1522 876 1563; x_wconf 90' lang='lat' dir='ltr'>emolliunt</span> <span class='ocrx_word' id='word_1_137' title='bbox 905 1523 1075 1563; x_wconf 90' lang='lat' dir='ltr'>assidua</span> <span class='ocrx_word' id='word_1_138' title='bbox 1107 1523 1188 1563; x_wconf 92' lang='lat' dir='ltr'>Dei</span> <span class='ocrx_word' id='word_1_139' title='bbox 1221 1523 1455 1564; x_wconf 85' lang='lat' dir='ltr'>beneficia?</span> <span class='ocrx_word' id='word_1_140' title='bbox 1516 1523 1590 1563; x_wconf 86' lang='lat' dir='ltr'>Ad</span> <span class='ocrx_word' id='word_1_141' title='bbox 1620 1523 1701 1563; x_wconf 92' lang='lat' dir='ltr'>hoc</span> 
     </span>
     <span class='ocr_line' id='line_1_19' title="bbox 162 1591 1867 1645; baseline 0.001 -14"><span class='ocrx_word' id='word_1_142' title='bbox 162 1591 266 1631; x_wconf 88' lang='lat' dir='ltr'>facit</span> <span class='ocrx_word' id='word_1_143' title='bbox 305 1592 483 1632; x_wconf 87' lang='lat' dir='ltr'>verbum</span> <span class='ocrx_word' id='word_1_144' title='bbox 525 1592 723 1633; x_wconf 86' lang='lat' dir='ltr'>Anselmi</span> <span class='ocrx_word' id='word_1_145' title='bbox 760 1593 803 1632; x_wconf 89' lang='lat' dir='ltr'>in</span> <span class='ocrx_word' id='word_1_146' title='bbox 839 1592 948 1633; x_wconf 92' lang='lat' dir='ltr'>libro</span> <span class='ocrx_word' id='word_1_147' title='bbox 985 1592 1348 1632; x_wconf 89' lang='lat' dir='ltr'>meditacionum:</span> <span class='ocrx_word' id='word_1_148' title='bbox 1382 1593 1505 1643; x_wconf 88' lang='lat' dir='ltr'>Ecce,</span> <span class='ocrx_word' id='word_1_149' title='bbox 1544 1593 1867 1645; x_wconf 62' lang='lat' dir='ltr'>inquid‚Anse1mi</span> 
     </span>
     <span class='ocr_line' id='line_1_20' title="bbox 165 1637 1887 1722; baseline 0.001 -22"><span class='ocrx_word' id='word_1_150' title='bbox 165 1660 354 1701; x_wconf 88' lang='lat' dir='ltr'>Domine</span> <span class='ocrx_word' id='word_1_151' title='bbox 386 1661 488 1713; x_wconf 88' lang='lat' dir='ltr'>quia</span> <span class='ocrx_word' id='word_1_152' title='bbox 521 1673 589 1701; x_wconf 90' lang='lat' dir='ltr'>me</span> <span class='ocrx_word' id='word_1_153' title='bbox 621 1661 773 1719; x_wconf 86' lang='lat' dir='ltr'>fecisti,</span> <span class='ocrx_word' id='word_1_154' title='bbox 806 1661 947 1702; x_wconf 91' lang='lat' dir='ltr'>debeo</span> <span class='ocrx_word' id='word_1_155' title='bbox 980 1675 1050 1701; x_wconf 93' lang='lat' dir='ltr'>me</span> <span class='ocrx_word' id='word_1_156' title='bbox 1083 1662 1222 1715; x_wconf 89' lang='lat' dir='ltr'>ipsum</span> <span class='ocrx_word' id='word_1_157' title='bbox 1256 1662 1392 1702; x_wconf 90' lang='lat' dir='ltr'>amori</span> <span class='ocrx_word' id='word_1_158' title='bbox 1428 1667 1502 1702; x_wconf 90' lang='lat' dir='ltr'>tuo</span> <span class='ocrx_word' id='word_1_159' title='bbox 1534 1637 1887 1722; x_wconf 53' lang='grc' dir='ltr'>ῒοῒυῐηςέἒξῗέῗζ,</span> 
     </span>
     <span class='ocr_line' id='line_1_21' title="bbox 163 1725 1913 1784; baseline 0.001 -15"><span class='ocrx_word' id='word_1_160' title='bbox 163 1729 263 1782; x_wconf 88' lang='lat' dir='ltr'>quia</span> <span class='ocrx_word' id='word_1_161' title='bbox 299 1742 368 1769; x_wconf 92' lang='lat' dir='ltr'>me</span> <span class='ocrx_word' id='word_1_162' title='bbox 405 1729 638 1778; x_wconf 86' lang='lat' dir='ltr'>redemisti,</span> <span class='ocrx_word' id='word_1_163' title='bbox 678 1730 817 1770; x_wconf 88' lang='lat' dir='ltr'>debeo</span> <span class='ocrx_word' id='word_1_164' title='bbox 853 1730 1068 1783; x_wconf 90' lang='lat' dir='ltr'>meipsum</span> <span class='ocrx_word' id='word_1_165' title='bbox 1107 1730 1243 1770; x_wconf 91' lang='lat' dir='ltr'>amori</span> <span class='ocrx_word' id='word_1_166' title='bbox 1279 1736 1355 1770; x_wconf 92' lang='lat' dir='ltr'>tuo</span> <span class='ocrx_word' id='word_1_167' title='bbox 1391 1736 1557 1780; x_wconf 83' lang='lat' dir='ltr'>totum;</span> <span class='ocrx_word' id='word_1_168' title='bbox 1600 1732 1700 1784; x_wconf 89' lang='lat' dir='ltr'>quia</span> <span class='ocrx_word' id='word_1_169' title='bbox 1715 1725 1817 1762; x_wconf 84' lang='lat' dir='ltr'>clviii,</span> <span class='ocrx_word' id='word_1_170' title='bbox 1837 1726 1913 1764; x_wconf 85' lang='lat'>768-</span> 
     </span>
     <span class='ocr_line' id='line_1_22' title="bbox 162 1769 1758 1852; baseline 0.001 -14"><span class='ocrx_word' id='word_1_171' title='bbox 162 1802 284 1838; x_wconf 90' lang='lat' dir='ltr'>tanta</span> <span class='ocrx_word' id='word_1_172' title='bbox 324 1798 555 1851; x_wconf 86' lang='lat' dir='ltr'>promittis,</span> <span class='ocrx_word' id='word_1_173' title='bbox 597 1798 736 1839; x_wconf 91' lang='lat' dir='ltr'>debeo</span> <span class='ocrx_word' id='word_1_174' title='bbox 780 1812 851 1839; x_wconf 90' lang='lat' dir='ltr'>me</span> <span class='ocrx_word' id='word_1_175' title='bbox 893 1800 1033 1852; x_wconf 90' lang='lat' dir='ltr'>ipsum</span> <span class='ocrx_word' id='word_1_176' title='bbox 1076 1800 1213 1839; x_wconf 92' lang='lat' dir='ltr'>amori</span> <span class='ocrx_word' id='word_1_177' title='bbox 1257 1805 1332 1840; x_wconf 91' lang='lat' dir='ltr'>tuo</span> <span class='ocrx_word' id='word_1_178' title='bbox 1376 1806 1529 1850; x_wconf 83' lang='lat' dir='ltr'>totum,</span> <span class='ocrx_word' id='word_1_179' title='bbox 1566 1769 1758 1840; x_wconf 59' lang='lat' dir='ltr'>imm09)&#39;</span> 
     </span>
     <span class='ocr_line' id='line_1_23' title="bbox 162 1866 1702 1922; baseline 0.002 -16"><span class='ocrx_word' id='word_1_180' title='bbox 162 1872 335 1907; x_wconf 89' lang='lat' dir='ltr'>tantum</span> <span class='ocrx_word' id='word_1_181' title='bbox 365 1866 503 1907; x_wconf 92' lang='lat' dir='ltr'>debeo</span> <span class='ocrx_word' id='word_1_182' title='bbox 531 1867 625 1920; x_wconf 82' lang='lat' dir='ltr'>plus</span> <span class='ocrx_word' id='word_1_183' title='bbox 654 1881 784 1920; x_wconf 86' lang='lat' dir='ltr'>quam</span> <span class='ocrx_word' id='word_1_184' title='bbox 816 1881 885 1908; x_wconf 92' lang='lat' dir='ltr'>me</span> <span class='ocrx_word' id='word_1_185' title='bbox 912 1869 1067 1921; x_wconf 89' lang='lat' dir='ltr'>ipsum,</span> <span class='ocrx_word' id='word_1_186' title='bbox 1095 1873 1259 1921; x_wconf 88' lang='lat' dir='ltr'>quanto</span> <span class='ocrx_word' id='word_1_187' title='bbox 1285 1874 1332 1909; x_wconf 92' lang='lat' dir='ltr'>tu</span> <span class='ocrx_word' id='word_1_188' title='bbox 1361 1870 1496 1909; x_wconf 90' lang='lat' dir='ltr'>maior</span> <span class='ocrx_word' id='word_1_189' title='bbox 1524 1883 1568 1909; x_wconf 91' lang='lat' dir='ltr'>es</span> <span class='ocrx_word' id='word_1_190' title='bbox 1594 1868 1702 1922; x_wconf 91' lang='lat' dir='ltr'>[me]</span> 
     </span>
    </p>
   </div>
   <div class='ocr_carea' id='block_1_5' title="bbox 164 1934 819 1988">
    <p class='ocr_par' dir='ltr' id='par_1_5' title="bbox 164 1934 819 1988">
     <span class='ocr_line' id='line_1_24' title="bbox 164 1934 819 1988; baseline 0.003 -13"><span class='ocrx_word' id='word_1_191' title='bbox 164 1948 243 1988; x_wconf 91' lang='lat' dir='ltr'>pro</span> <span class='ocrx_word' id='word_1_192' title='bbox 275 1947 362 1988; x_wconf 88' lang='lat' dir='ltr'>quo</span> <span class='ocrx_word' id='word_1_193' title='bbox 394 1934 553 1975; x_wconf 92' lang='lat' dir='ltr'>dedisti</span> <span class='ocrx_word' id='word_1_194' title='bbox 586 1940 630 1975; x_wconf 88' lang='lat' dir='ltr'>te</span> <span class='ocrx_word' id='word_1_195' title='bbox 663 1935 819 1988; x_wconf 88' lang='lat' dir='ltr'>ipsum.</span> 
     </span>
    </p>
   </div>
   <div class='ocr_carea' id='block_1_6' title="bbox 607 2054 1264 2109">
    <p class='ocr_par' dir='ltr' id='par_1_6' title="bbox 607 2054 1264 2109">
     <span class='ocr_line' id='line_1_25' title="bbox 607 2054 1264 2109; baseline 0.002 -15"><span class='ocrx_word' id='word_1_196' title='bbox 607 2054 694 2107; x_wconf 81' lang='lat' dir='ltr'>[De</span> <span class='ocrx_word' id='word_1_197' title='bbox 722 2054 902 2095; x_wconf 73' lang='lat' dir='ltr'>caritate</span> <span class='ocrx_word' id='word_1_198' title='bbox 930 2055 994 2095; x_wconf 76' lang='lat' dir='ltr'>ad</span> <span class='ocrx_word' id='word_1_199' title='bbox 1008 2056 1264 2109; x_wconf 52' lang='lat' dir='ltr'>proximos]</span> 
     </span>
    </p>
   </div>
   <div class='ocr_carea' id='block_1_7' title="bbox 164 2146 1884 2892">
    <p class='ocr_par' dir='ltr' id='par_1_7' title="bbox 164 2146 1884 2748">
     <span class='ocr_line' id='line_1_26' title="bbox 251 2146 1849 2201; baseline -0.001 -14"><span class='ocrx_word' id='word_1_200' title='bbox 251 2146 343 2200; x_wconf 78' lang='lat'><em>(81)</em></span> <span class='ocrx_word' id='word_1_201' title='bbox 386 2146 460 2188; x_wconf 85' lang='lat' dir='ltr'>Ad</span> <span class='ocrx_word' id='word_1_202' title='bbox 502 2146 784 2188; x_wconf 89' lang='lat' dir='ltr'>dileccionem</span> <span class='ocrx_word' id='word_1_203' title='bbox 825 2148 1123 2201; x_wconf 83' lang='lat' dir='ltr'>proximorum</span> <span class='ocrx_word' id='word_1_204' title='bbox 1166 2155 1315 2189; x_wconf 90' lang='lat' dir='ltr'>monet</span> <span class='ocrx_word' id='word_1_205' title='bbox 1356 2162 1434 2189; x_wconf 89' lang='lat' dir='ltr'>nos</span> <span class='ocrx_word' id='word_1_206' title='bbox 1475 2156 1518 2190; x_wconf 92' lang='lat' dir='ltr'>et</span> <span class='ocrx_word' id='word_1_207' title='bbox 1558 2155 1796 2190; x_wconf 81' lang='lat' dir='ltr'>movetVita</span> <span class='ocrx_word' id='word_1_208' title='bbox 1815 2156 1849 2187; x_wconf 87' lang='lat' dir='ltr'>S.</span> 
     </span>
     <span class='ocr_line' id='line_1_27' title="bbox 164 2200 1884 2284; baseline 0.002 -29"><span class='ocrx_word' id='word_1_209' title='bbox 164 2215 267 2269; x_wconf 79' lang='lat' dir='ltr'><em>[fol.</em></span> <span class='ocrx_word' id='word_1_210' title='bbox 305 2225 349 2267; x_wconf 84' lang='lat'>51</span> <span class='ocrx_word' id='word_1_211' title='bbox 360 2215 400 2268; x_wconf 78' lang='lat' dir='ltr'>b]</span> <span class='ocrx_word' id='word_1_212' title='bbox 434 2216 685 2269; x_wconf 79' lang='lat' dir='ltr'>exemplum</span> <span class='ocrx_word' id='word_1_213' title='bbox 721 2216 837 2258; x_wconf 89' lang='lat' dir='ltr'>beati</span> <span class='ocrx_word' id='word_1_214' title='bbox 870 2215 1076 2257; x_wconf 87' lang='lat' dir='ltr'>Iohannis</span> <span class='ocrx_word' id='word_1_215' title='bbox 1105 2217 1396 2270; x_wconf 85' lang='lat' dir='ltr'>Ewangeliste</span> <span class='ocrx_word' id='word_1_216' title='bbox 1428 2217 1509 2259; x_wconf 94' lang='lat' dir='ltr'>hoc</span> <span class='ocrx_word' id='word_1_217' title='bbox 1546 2219 1702 2272; x_wconf 89' lang='lat' dir='ltr'>utique,</span> <span class='ocrx_word' id='word_1_218' title='bbox 1717 2200 1884 2284; x_wconf 36' lang='lat' dir='ltr'>gagg-S</span> 
     </span>
     <span class='ocr_line' id='line_1_28' title="bbox 165 2284 1819 2337; baseline 0.003 -14"><span class='ocrx_word' id='word_1_219' title='bbox 165 2284 279 2337; x_wconf 86' lang='lat' dir='ltr'>quod</span> <span class='ocrx_word' id='word_1_220' title='bbox 310 2296 408 2324; x_wconf 91' lang='lat' dir='ltr'>cum</span> <span class='ocrx_word' id='word_1_221' title='bbox 436 2284 529 2337; x_wconf 90' lang='lat' dir='ltr'>ipse</span> <span class='ocrx_word' id='word_1_222' title='bbox 555 2284 798 2325; x_wconf 90' lang='lat' dir='ltr'>devenisset</span> <span class='ocrx_word' id='word_1_223' title='bbox 828 2286 883 2325; x_wconf 93' lang='lat' dir='ltr'>ad</span> <span class='ocrx_word' id='word_1_224' title='bbox 915 2285 1113 2326; x_wconf 89' lang='lat' dir='ltr'>ultimam</span> <span class='ocrx_word' id='word_1_225' title='bbox 1146 2292 1412 2327; x_wconf 87' lang='lat' dir='ltr'>senectutem</span> <span class='ocrx_word' id='word_1_226' title='bbox 1434 2293 1477 2327; x_wconf 92' lang='lat' dir='ltr'>et</span> <span class='ocrx_word' id='word_1_227' title='bbox 1499 2288 1574 2327; x_wconf 81' lang='lat' dir='ltr'>vix</span> <span class='ocrx_word' id='word_1_228' title='bbox 1596 2288 1704 2328; x_wconf 91' lang='lat' dir='ltr'>inter</span> <span class='ocrx_word' id='word_1_229' title='bbox 1715 2287 1819 2318; x_wconf 82' lang='lat' dir='ltr'>listae.</span> 
     </span>
     <span class='ocr_line' id='line_1_29' title="bbox 164 2352 1704 2410; baseline 0.003 -18"><span class='ocrx_word' id='word_1_230' title='bbox 164 2352 469 2406; x_wconf 86' lang='lat' dir='ltr'>discipulorum</span> <span class='ocrx_word' id='word_1_231' title='bbox 504 2366 657 2394; x_wconf 90' lang='lat' dir='ltr'>manus</span> <span class='ocrx_word' id='word_1_232' title='bbox 688 2355 742 2394; x_wconf 92' lang='lat' dir='ltr'>ad</span> <span class='ocrx_word' id='word_1_233' title='bbox 775 2354 999 2395; x_wconf 89' lang='lat' dir='ltr'>ecclesiam</span> <span class='ocrx_word' id='word_1_234' title='bbox 1032 2354 1267 2396; x_wconf 88' lang='lat' dir='ltr'>deferretur</span> <span class='ocrx_word' id='word_1_235' title='bbox 1296 2369 1374 2396; x_wconf 91' lang='lat' dir='ltr'>nec</span> <span class='ocrx_word' id='word_1_236' title='bbox 1404 2363 1551 2409; x_wconf 91' lang='lat' dir='ltr'>posset</span> <span class='ocrx_word' id='word_1_237' title='bbox 1581 2356 1704 2410; x_wconf 90' lang='lat' dir='ltr'>plura</span> 
     </span>
     <span class='ocr_line' id='line_1_30' title="bbox 165 2421 1704 2478; baseline 0.003 -17"><span class='ocrx_word' id='word_1_238' title='bbox 165 2422 308 2462; x_wconf 83' lang='lat' dir='ltr'>dicere</span> <span class='ocrx_word' id='word_1_239' title='bbox 329 2421 467 2472; x_wconf 86' lang='lat' dir='ltr'>verba,</span> <span class='ocrx_word' id='word_1_240' title='bbox 487 2422 543 2462; x_wconf 89' lang='lat' dir='ltr'>ad</span> <span class='ocrx_word' id='word_1_241' title='bbox 566 2423 803 2475; x_wconf 86' lang='lat' dir='ltr'>quamlibet</span> <span class='ocrx_word' id='word_1_242' title='bbox 824 2437 1005 2476; x_wconf 88' lang='lat' dir='ltr'>pausam</span> <span class='ocrx_word' id='word_1_243' title='bbox 1023 2424 1106 2464; x_wconf 92' lang='lat' dir='ltr'>hoc</span> <span class='ocrx_word' id='word_1_244' title='bbox 1124 2424 1318 2464; x_wconf 90' lang='lat' dir='ltr'>dicebat:</span> <span class='ocrx_word' id='word_1_245' title='bbox 1342 2427 1350 2444; x_wconf 91' lang='lat'>‘</span> <span class='ocrx_word' id='word_1_246' title='bbox 1367 2425 1403 2465; x_wconf 90' lang='lat' dir='ltr'>F</span> <span class='ocrx_word' id='word_1_247' title='bbox 1407 2425 1521 2474; x_wconf 90' lang='lat' dir='ltr'>ilioli‚</span> <span class='ocrx_word' id='word_1_248' title='bbox 1538 2425 1704 2478; x_wconf 84' lang='lat' dir='ltr'>diligite</span> 
     </span>
     <span class='ocr_line' id='line_1_31' title="bbox 165 2490 1704 2545; baseline 0.003 -14"><span class='ocrx_word' id='word_1_249' title='bbox 165 2491 417 2531; x_wconf 88' lang='lat' dir='ltr'>alterutrum</span> <span class='ocrx_word' id='word_1_250' title='bbox 432 2490 452 2531; x_wconf 92' lang='lat'>’.</span> <span class='ocrx_word' id='word_1_251' title='bbox 503 2491 701 2532; x_wconf 86' lang='lat' dir='ltr'>Tandem</span> <span class='ocrx_word' id='word_1_252' title='bbox 719 2492 916 2545; x_wconf 90' lang='lat' dir='ltr'>discipuli</span> <span class='ocrx_word' id='word_1_253' title='bbox 938 2498 981 2532; x_wconf 93' lang='lat' dir='ltr'>et</span> <span class='ocrx_word' id='word_1_254' title='bbox 1004 2492 1156 2533; x_wconf 87' lang='lat' dir='ltr'>fratres</span> <span class='ocrx_word' id='word_1_255' title='bbox 1177 2494 1247 2544; x_wconf 88' lang='lat' dir='ltr'>qui</span> <span class='ocrx_word' id='word_1_256' title='bbox 1266 2494 1459 2543; x_wconf 88' lang='lat' dir='ltr'>aderant,</span> <span class='ocrx_word' id='word_1_257' title='bbox 1477 2494 1704 2535; x_wconf 86' lang='lat' dir='ltr'>audientes</span> 
     </span>
     <span class='ocr_line' id='line_1_32' title="bbox 165 2559 1703 2617; baseline 0.003 -18"><span class='ocrx_word' id='word_1_258' title='bbox 165 2559 282 2614; x_wconf 82' lang='lat' dir='ltr'>quod</span> <span class='ocrx_word' id='word_1_259' title='bbox 324 2559 476 2600; x_wconf 89' lang='lat' dir='ltr'>eadem</span> <span class='ocrx_word' id='word_1_260' title='bbox 517 2559 650 2600; x_wconf 89' lang='lat' dir='ltr'>verba</span> <span class='ocrx_word' id='word_1_261' title='bbox 691 2574 863 2614; x_wconf 92' lang='lat' dir='ltr'>semper</span> <span class='ocrx_word' id='word_1_262' title='bbox 903 2562 1139 2614; x_wconf 86' lang='lat' dir='ltr'>replicaret,</span> <span class='ocrx_word' id='word_1_263' title='bbox 1180 2562 1415 2603; x_wconf 80' lang='lat' dir='ltr'>dixerunt:</span> <span class='ocrx_word' id='word_1_264' title='bbox 1468 2563 1703 2617; x_wconf 83' lang='lat' dir='ltr'>‘Magister</span> 
     </span>
     <span class='ocr_line' id='line_1_33' title="bbox 166 2627 1703 2685; baseline 0.003 -16"><span class='ocrx_word' id='word_1_265' title='bbox 166 2642 296 2682; x_wconf 88' lang='lat' dir='ltr'>quare</span> <span class='ocrx_word' id='word_1_266' title='bbox 318 2641 489 2681; x_wconf 90' lang='lat' dir='ltr'>semper</span> <span class='ocrx_word' id='word_1_267' title='bbox 509 2627 590 2669; x_wconf 90' lang='lat' dir='ltr'>hoc</span> <span class='ocrx_word' id='word_1_268' title='bbox 612 2629 796 2682; x_wconf 87' lang='lat' dir='ltr'>loqueris</span> <span class='ocrx_word' id='word_1_269' title='bbox 810 2635 826 2670; x_wconf 87' lang='lat'>?</span> <span class='ocrx_word' id='word_1_270' title='bbox 840 2629 848 2644; x_wconf 93' lang='lat'><em>&#39;</em></span> <span class='ocrx_word' id='word_1_271' title='bbox 901 2629 988 2683; x_wconf 73' lang='lat' dir='ltr'>Qui</span> <span class='ocrx_word' id='word_1_272' title='bbox 1010 2631 1252 2683; x_wconf 87' lang='lat' dir='ltr'>respondit:</span> <span class='ocrx_word' id='word_1_273' title='bbox 1285 2634 1293 2651; x_wconf 80' lang='lat'><em>‘</em></span> <span class='ocrx_word' id='word_1_274' title='bbox 1311 2631 1428 2684; x_wconf 75' lang='lat' dir='ltr'>Quia</span> <span class='ocrx_word' id='word_1_275' title='bbox 1450 2637 1703 2685; x_wconf 90' lang='lat' dir='ltr'>preceptum</span> 
     </span>
     <span class='ocr_line' id='line_1_34' title="bbox 168 2698 1124 2748; baseline 0.002 -9"><span class='ocrx_word' id='word_1_276' title='bbox 168 2698 348 2739; x_wconf 89' lang='lat' dir='ltr'>Domini</span> <span class='ocrx_word' id='word_1_277' title='bbox 371 2704 447 2748; x_wconf 88' lang='lat' dir='ltr'>est,</span> <span class='ocrx_word' id='word_1_278' title='bbox 468 2703 511 2738; x_wconf 89' lang='lat' dir='ltr'>et</span> <span class='ocrx_word' id='word_1_279' title='bbox 531 2699 565 2738; x_wconf 93' lang='lat' dir='ltr'>si</span> <span class='ocrx_word' id='word_1_280' title='bbox 587 2700 646 2738; x_wconf 91' lang='lat' dir='ltr'>sic</span> <span class='ocrx_word' id='word_1_281' title='bbox 666 2699 803 2739; x_wconf 93' lang='lat' dir='ltr'>solum</span> <span class='ocrx_word' id='word_1_282' title='bbox 826 2699 911 2747; x_wconf 89' lang='lat' dir='ltr'>fiat,</span> <span class='ocrx_word' id='word_1_283' title='bbox 933 2699 1087 2740; x_wconf 87' lang='lat' dir='ltr'>sufficit</span> <span class='ocrx_word' id='word_1_284' title='bbox 1103 2698 1124 2742; x_wconf 90' lang='lat'>&#39;.</span> 
     </span>
    </p>

    <p class='ocr_par' dir='ltr' id='par_1_8' title="bbox 167 2767 1863 2892">
     <span class='ocr_line' id='line_1_35' title="bbox 253 2767 1795 2821; baseline 0.001 -12"><span class='ocrx_word' id='word_1_285' title='bbox 253 2767 345 2821; x_wconf 75' lang='lat'>(82)</span> <span class='ocrx_word' id='word_1_286' title='bbox 393 2767 546 2820; x_wconf 78' lang='lat' dir='ltr'>Qualis</span> <span class='ocrx_word' id='word_1_287' title='bbox 587 2772 732 2808; x_wconf 87' lang='lat' dir='ltr'>autem</span> <span class='ocrx_word' id='word_1_288' title='bbox 775 2768 931 2809; x_wconf 91' lang='lat' dir='ltr'>debeat</span> <span class='ocrx_word' id='word_1_289' title='bbox 971 2782 1067 2809; x_wconf 93' lang='lat' dir='ltr'>esse</span> <span class='ocrx_word' id='word_1_290' title='bbox 1107 2775 1256 2809; x_wconf 87' lang='lat' dir='ltr'>mutua</span> <span class='ocrx_word' id='word_1_291' title='bbox 1297 2769 1473 2809; x_wconf 91' lang='lat' dir='ltr'>dilectio</span> <span class='ocrx_word' id='word_1_292' title='bbox 1514 2770 1795 2811; x_wconf 87' lang='lat' dir='ltr'>caritatisGul.</span> 
     </span>
     <span class='ocr_line' id='line_1_36' title="bbox 167 2822 1863 2892; baseline 0.002 -15"><span class='ocrx_word' id='word_1_293' title='bbox 167 2837 410 2877; x_wconf 88' lang='lat' dir='ltr'>ostenditur</span> <span class='ocrx_word' id='word_1_294' title='bbox 441 2837 644 2890; x_wconf 84' lang='lat' dir='ltr'>exemplo</span> <span class='ocrx_word' id='word_1_295' title='bbox 677 2837 935 2891; x_wconf 89' lang='lat' dir='ltr'>philosophi,</span> <span class='ocrx_word' id='word_1_296' title='bbox 971 2840 1026 2879; x_wconf 92' lang='lat' dir='ltr'>de</span> <span class='ocrx_word' id='word_1_297' title='bbox 1058 2852 1146 2892; x_wconf 88' lang='lat' dir='ltr'>quo</span> <span class='ocrx_word' id='word_1_298' title='bbox 1179 2838 1338 2879; x_wconf 91' lang='lat' dir='ltr'>dicitur</span> <span class='ocrx_word' id='word_1_299' title='bbox 1369 2839 1412 2878; x_wconf 88' lang='lat' dir='ltr'>in</span> <span class='ocrx_word' id='word_1_300' title='bbox 1446 2852 1616 2880; x_wconf 90' lang='lat' dir='ltr'>summa</span> <span class='ocrx_word' id='word_1_301' title='bbox 1650 2840 1704 2880; x_wconf 94' lang='lat' dir='ltr'>de</span> <span class='ocrx_word' id='word_1_302' title='bbox 1718 2822 1863 2860; x_wconf 69' lang='lat' dir='ltr'>Pemldi,</span> 
     </span>
    </p>
   </div>
   <div class='ocr_carea' id='block_1_8' title="bbox 167 2867 1895 2960">
    <p class='ocr_par' dir='ltr' id='par_1_9' title="bbox 167 2867 1895 2960">
     <span class='ocr_line' id='line_1_37' title="bbox 1717 2867 1860 2897; baseline 0.007 -1"><span class='ocrx_word' id='word_1_303' title='bbox 1717 2867 1860 2897; x_wconf 83' lang='lat' dir='ltr'>Summa</span> 
     </span>
     <span class='ocr_line' id='line_1_38' title="bbox 167 2905 1895 2960; baseline 0.002 -15"><span class='ocrx_word' id='word_1_304' title='bbox 167 2906 300 2955; x_wconf 85' lang='lat' dir='ltr'>viciis,</span> <span class='ocrx_word' id='word_1_305' title='bbox 333 2906 449 2958; x_wconf 86' lang='lat' dir='ltr'>quod</span> <span class='ocrx_word' id='word_1_306' title='bbox 484 2919 581 2946; x_wconf 91' lang='lat' dir='ltr'>cum</span> <span class='ocrx_word' id='word_1_307' title='bbox 616 2905 827 2946; x_wconf 90' lang='lat' dir='ltr'>diceretur</span> <span class='ocrx_word' id='word_1_308' title='bbox 860 2906 898 2946; x_wconf 92' lang='lat' dir='ltr'>ei</span> <span class='ocrx_word' id='word_1_309' title='bbox 932 2906 988 2947; x_wconf 90' lang='lat' dir='ltr'>de</span> <span class='ocrx_word' id='word_1_310' title='bbox 1018 2906 1234 2960; x_wconf 87' lang='lat' dir='ltr'>quodam:</span> <span class='ocrx_word' id='word_1_311' title='bbox 1269 2906 1371 2946; x_wconf 88' lang='lat' dir='ltr'>‘Ille</span> <span class='ocrx_word' id='word_1_312' title='bbox 1401 2907 1564 2948; x_wconf 91' lang='lat' dir='ltr'>amicus</span> <span class='ocrx_word' id='word_1_313' title='bbox 1594 2908 1895 2949; x_wconf 75' lang='lat' dir='ltr'>illiusVirtutum·</span> 
     </span>
    </p>
   </div>
  </div>
 </body>
</html>
