2052 3278
557 231 641 271 DE
676 232 867 274 LUDIS
904 231 1325 274 INORDINATIS
1635 245 1707 274 111

181 346 317 387 vicine
344 353 388 388 et
415 348 475 388 eis
502 347 699 388 assistere
728 353 770 387 et
799 347 936 388 facere
964 347 1151 401 tripudia
1177 362 1253 388 sua
1280 362 1376 388 cum
1405 349 1628 389 cantilenis
1658 349 1719 388 in-

177 416 393 457 ordinatis.
450 415 642 469 Contigit
660 430 762 470 ergo
779 417 966 470 quadarn
985 418 1076 458 vice
1092 418 1223 471 quod,
1243 431 1340 458 cum
1359 424 1499 458 essent
1518 419 1719 458 mulieres

176 485 230 524 ad
259 486 479 526 cuiusdam
510 487 780 539 puerperium
812 493 1081 540 congregate,
1102 493 1145 527 et
1177 487 1324 527 truflas
1346 500 1458 537 suas,
1482 487 1719 527 secundum

183 568 347 595 morem
371 555 530 595 malurn
554 555 699 607 patrie,
722 554 860 594 facere
881 555 1127 605 voluissent,
1149 555 1461 610 colligaverunt
1484 556 1566 596 sibi
1587 569 1720 596 unum

179 623 339 666 fascem
362 626 417 666 de
437 625 654 672 stramine,
678 630 721 664 et
742 631 996 677 aptaverunt
1018 626 1061 666 in
1085 626 1269 666 formam
1302 626 1491 667 hominis
1522 626 1723 668 habentis

178 694 351 735 brachia
373 695 614 744 straminea,
634 695 701 734 cui
724 700 768 734 et
790 696 1015 748 capucium
1039 701 1083 735 et
1105 697 1324 750 cingulum
1346 696 1659 750 applicuerunt,
1681 702 1723 736 et

177 770 437 804 vocaverunt
457 778 554 804 eum
576 763 683 813 boui,
703 769 757 813 et,
778 763 982 804 facientes
1003 770 1105 805 tunc
1126 765 1328 806 choream
1353 779 1489 815 suam,
1507 766 1724 807 duxerunt

177 847 276 874 eum
311 834 393 874 due
425 834 618 875 mulieres
650 834 761 874 inter
791 846 836 873 se
866 834 1152 886 tripudiantes
1185 841 1229 875 et
1265 842 1502 885 cantantes,
1535 842 1578 876 et
1614 837 1724 877 sicut

182 905 312 943 moris
347 906 450 952 erat,
487 905 596 944 inter
630 904 906 952 cantandum,
943 904 1258 944 convertebant
1294 919 1340 945 se
1376 906 1431 946 ad
1470 918 1568 945 eum
1603 912 1725 958 gestu

181 972 339 1012 lascivo
378 972 592 1012 dicentes:
647 971 811 1013 ‘Canta
852 971 963 1021 boui,
1003 979 1131 1012 canta
1178 972 1291 1020 boui,
1337 973 1441 1026 quid
1489 973 1725 1016 faceret1?’

182 1041 295 1081 Ecce
335 1041 558 1094 dyabolus
596 1042 706 1081 sicut
745 1046 1013 1094 potestatem
1050 1055 1178 1094 super
1211 1042 1304 1082 illas
1346 1044 1522 1083 miseras
1561 1044 1725 1093 habuit,

179 1110 402 1163 respondit
434 1111 506 1160 eis,
543 1124 649 1151 voce
684 1110 861 1152 terribili
898 1111 1065 1152 dicens:
1106 1110 1227 1164 ‘Ego
1262 1111 1470 1161 cantabo,'
1504 1118 1547 1153 et
1579 1114 1726 1153 statim

179 1180 395 1228 clamavit,
431 1193 516 1220 non
553 1180 701 1233 utique
738 1179 873 1229 fascis,
912 1180 988 1220 sed
1026 1180 1237 1233 dyabolus
1274 1181 1317 1221 in
1355 1195 1407 1221 eo
1443 1182 1648 1230 existens,
1685 1188 1728 1222 et

179 1250 320 1289 emisit
347 1250 536 1290 sonitum
565 1254 655 1290 tam
687 1249 938 1290 horribilem
969 1250 1087 1302 quod
1117 1251 1305 1303 quedam
1337 1251 1585 1292 ceciderunt
1617 1266 1729 1293 mor-

180 1324 266 1360 tue.
330 1317 431 1358 Alie
464 1324 585 1359 tanto
619 1324 780 1359 terrore
812 1324 856 1359 et
887 1318 1063 1359 horrore
1096 1333 1295 1372 percusse
1327 1321 1457 1361 sunt2
1490 1322 1618 1373 quod,
1656 1321 1729 1361 diu

183 1387 470 1441 languentes,3
510 1388 586 1428 vix
631 1401 729 1428 curn
772 1388 861 1429 vita
897 1389 1395 1431 evaserunt.—Consulo
1445 1396 1560 1431 certe
1612 1391 1728 1443 quod

180 1457 408 1498 attendant
458 1457 538 1498 sibi
590 1458 764 1498 iuvenes
815 1463 907 1499 tam
958 1457 1115 1498 femine
1165 1473 1296 1512 quam
1349 1473 1500 1509 mares,
1550 1461 1729 1501 consulo

184 1527 300 1580 quod
321 1527 553 1566 attendant
574 1526 678 1579 quid
699 1526 872 1568 faciunt.
934 1527 1061 1569 Certe
1081 1527 1149 1567 hic
1180 1527 1326 1568 ludere
1357 1536 1535 1582 possunt
1567 1530 1611 1570 in
1643 1531 1729 1570 suis

181 1595 390 1648 tripudiis,
431 1596 475 1636 in
516 1596 602 1636 suis
644 1595 774 1636 fatuis
820 1596 1066 1647 cantilenis;
1119 1604 1162 1637 et
1203 1597 1368 1651 absque
1408 1597 1541 1639 dubio
1580 1599 1730 1639 videre

183 1671 365 1719 possunt
404 1665 488 1705 hoc
526 1665 745 1718 exemplo,
788 1666 904 1718 quod
947 1666 1033 1706 ludi
1074 1679 1223 1707 eorum
1265 1680 1355 1707 non
1395 1674 1494 1708 sunt
1541 1667 1601 1708 eis
1647 1669 1728 1709 nisi

188 1734 377 1787 quedam
407 1735 462 1774 ad
492 1742 676 1775 mortem
707 1741 902 1776 eternam
934 1738 1197 1789 preparacio.
1264 1737 1323 1777 Et
1354 1744 1585 1790 propterea
1616 1739 1730 1779 dixit

185 1803 255 1844 illa
277 1810 425 1844 sancta
446 1804 597 1844 mulier
620 1804 780 1845 Hester
801 1805 949 1858 regina
973 1818 1099 1846 orans
1120 1806 1173 1845 ad
1203 1805 1467 1847 Dominum:
1502 1811 1510 1826 ‘
1528 1807 1729 1855 Domine,
1743 1817 1829 1848 Tob.
1847 1816 1892 1856 iii,

186 1874 335 1926 inquit,
377 1886 598 1926 nunquam
641 1887 737 1913 cum
778 1872 1026 1914 ludentibus
1067 1888 1136 1914 me
1177 1875 1326 1915 miscui
1340 1874 1358 1916 '.
1428 1876 1526 1928 Ipsa
1567 1875 1730 1929 absque
1746 1869 1795 1900 17·

185 1942 316 1983 dubio
348 1941 558 1982 maliciam
591 1941 787 1983 ludorum
819 1943 1007 1983 attendit
1036 1943 1168 1983 corde
1199 1943 1391 1986 sollicitO.

275 2014 391 2065 (193)
426 2011 586 2053 Adhuc
609 2018 752 2052 autem
780 2012 902 2052 ludos
935 2013 1204 2053 inordinatos
1235 2012 1517 2054 detestabiles
1549 2015 1728 2055 demon·
1743 2024 1821 2056 Gul.
1869 2068 1875 2074 .

185 2087 325 2122 strant
354 2082 560 2134 exempla
590 2082 778 2135 quedam
811 2083 965 2135 scripta
997 2082 1040 2122 in
1065 2096 1237 2122 summa
1263 2084 1318 2123 de
1343 2082 1473 2125 viciis.
1535 2084 1725 2138 Quidam
1744 2067 1888 2143 ξξξζᾷἒζ
1899 2112 1940 2143 de

187 2150 309 2191 miles
330 2164 427 2191 cum
450 2151 673 2191 occasione
704 2151 791 2191 ludi
825 2165 901 2205 per
930 2151 1075 2192 oculos
1108 2152 1192 2192 Dei
1223 2153 1379 2192 iuraret
1410 2154 1608 2206 proprius
1638 2153 1728 2194 eius
1742 2154 1859 2186 Viciis.

184 2219 330 2260 oculus
372 2233 498 2273 super
534 2221 763 2260 scacariam
800 2221 954 2261 cecidit
996 2220 1052 2261 de
1087 2221 1227 2273 capite
1263 2222 1367 2264 eius,
1451 2221 1509 2262 Et
1549 2223 1724 2275 quidam

185 2289 427 2341 sagittarius
457 2288 584 2329 valde
612 2296 856 2330 commotus
888 2304 946 2330 ex
977 2290 1058 2330 hoc
1090 2291 1206 2343 quod
1238 2290 1428 2330 ludendo
1458 2291 1729 2344 perdidisset,

186 2357 386 2410 sagittam
423 2359 582 2399 direxit
618 2358 673 2399 ad
706 2358 857 2409 celum,
889 2361 1010 2412 quasi
1043 2359 1173 2400 vellet
1203 2372 1248 2399 se
1280 2360 1498 2400 vindicare
1533 2360 1588 2400 de
1621 2361 1728 2402 Deo.

189 2425 398 2478 Sequenti
431 2441 531 2468 vero
564 2428 634 2467 die
666 2441 763 2468 cum
800 2429 971 2468 sederet
1006 2428 1060 2468 ad
1095 2428 1244 2469 ludum
1277 2429 1430 2469 eadem
1464 2429 1571 2469 hora
1604 2430 1728 2470 rediit

188 2495 347 2548 sagitta
369 2509 496 2549 super
517 2496 722 2537 alearium
750 2497 1065 2552 sanginolenta.

275 2564 395 2618 (194)
426 2563 584 2605 Adhuc
615 2572 758 2606 autem
792 2567 1042 2620 exemplum
1077 2565 1358 2606 memorabile
1389 2580 1515 2621 super
1536 2567 1617 2607 hac
1639 2581 1727 2608 ma·
1744 2577 1840 2626 (ἂῖξη
1859 2577 1885 2615 1,

187 2633 295 2673 teria
316 2634 454 2686 reperi
485 2634 526 2674 in
558 2634 667 2675 libro
703 2637 773 2688 qui
796 2637 948 2676 dicitur
970 2636 1159 2677 Gemma
1183 2635 1476 2677 Sacerdotalis
1498 2638 1613 2689 quod
1636 2638 1727 2689 qui·
1742 2620 1872 2704 ξξέ).(Ρ·

188 2702 286 2742 dem
310 2708 459 2742 auctor
481 2702 573 2742 libri
596 2702 703 2744 illius
725 2710 871 2744 narrat
903 2705 945 2745 in
978 2705 1055 2745 hec
1087 2704 1227 2747 verba.
1298 2704 1564 2758 Exemplum
1588 2706 1726 2759 inquit

483 2822 494 2842 1
506 2823 699 2864 Corr.facis
712 2825 728 2854 Ρ
746 2834 782 2855 or
801 2827 886 2856 taces
898 2826 914 2856 ,ν’

482 2866 494 2885 2
506 2867 579 2898 MS.
600 2872 778 2908 ‘peruasse
796 2868 892 2899 sunt'
910 2868 1079 2899 corrected
1095 2875 1129 2899 to
1148 2872 1393 2909 ‘perueserunt
1406 2868 1424 2900 ¹.

485 2910 497 2929 3
512 2910 585 2941 MS.
604 2911 722 2942 inserts
739 2918 824 2942 sunt.
