2052 3278
114 1566 255 1609 Turpin.
270 1566 311 1596 de

111 1611 182 1642 vita
200 1611 264 1643 Car

114 1655 245 1696 Magni.

330 263 383 314 36
753 260 944 301 LIBER
979 260 1432 302 EXEMPLORUM

324 383 542 418 manserat
562 378 859 418 huiuscemodi
880 375 1049 417 sceleris
1079 377 1270 417 conscius
1301 377 1525 426 videretur,
1547 375 1736 416 eundem
1765 374 1871 417 falsa

321 448 626 488 criminacione
646 447 701 486 ad
723 459 883 500 penam
904 452 1155 500 exposcunt.
1219 446 1298 487 Ille
1313 447 1417 487 dum
1434 446 1731 487 innocenciam
1749 459 1870 486 suam

321 517 414 556 sine
434 529 562 556 causa
583 514 811 568 periclitari
836 515 1001 555 videret
1027 521 1070 555 et
1097 515 1291 555 divinum
1317 515 1526 555 auxilium
1552 515 1706 554 intima
1729 514 1873 554 cordis

320 584 557 625 devocione
575 583 655 624 sibi
676 584 829 624 adesse
849 582 1112 636 imploraret,
1132 597 1229 623 ecce
1250 583 1392 624 subito
1415 584 1487 636 qui
1510 588 1706 624 mortuus
1729 582 1870 622 fuerat

321 653 562 703 resurrexit,
597 659 640 694 et
679 666 808 693 omne
848 659 1018 706 gestum
1060 654 1220 693 cunctis
1260 653 1501 693 astantibus
1541 658 1584 692 et
1619 651 1873 692 mirantibus

320 736 546 775 exponens
566 723 843 763 innocentem
865 721 1060 764 absolvit.
1123 723 1358 763 Referebat
1379 736 1425 763 se
1451 721 1506 762 ab
1533 722 1690 762 eodem
1714 721 1873 774 angelo

319 792 434 833 malo
455 804 480 831 a
500 805 586 845 quo
608 792 662 832 ad
685 791 1031 832 interfeccionem
1058 792 1121 832 sui
1147 805 1375 845 persuasus
1403 791 1539 831 fuerat
1564 791 1618 831 ad
1650 796 1873 831 tormenta

319 861 576 902 deductum:
609 867 675 901 set
705 861 808 901 dum
839 862 1074 910 duceretur,
1097 861 1315 914 quendam
1344 860 1572 914 splendida
1595 859 1702 904 facie
1732 859 1870 899 virum

320 944 448 984 quem
465 937 662 971 sanctum
679 930 885 971 Iacobum
903 929 1030 970 fuisse
1046 930 1191 971 aiebat
1208 930 1409 970 euntibus
1425 929 1669 979 occurrisse,
1688 941 1874 982 eumque

320 1006 515 1053 ereptum
538 1000 580 1040 in
606 1000 746 1040 celum
772 1000 827 1040 ad
855 999 1054 1040 thronum
1081 1000 1231 1040 iudicis
1262 1000 1450 1047 duxisse,
1481 999 1650 1052 illicque
1676 998 1873 1052 precibus

320 1083 398 1122 pro
421 1069 492 1110 illo
513 1069 614 1110 fusis
635 1075 683 1109 ut
701 1069 789 1109 vite
810 1068 955 1108 denuo
977 1069 1230 1109 redderetur
1251 1069 1501 1110 obtinuisse,
1569 1068 1635 1109 Ibi
1663 1082 1709 1108 se
1735 1068 1872 1108 multa

321 1140 438 1180 milia
462 1139 714 1192 angelorum
739 1137 895 1178 vidisse
927 1136 1184 1187 affirmabat,
1215 1138 1269 1178 de
1297 1151 1478 1191 quorum
1505 1144 1654 1178 tamen
1683 1143 1799 1177 statu
1828 1142 1873 1177 et

321 1208 425 1250 facie
446 1208 744 1261 interrogatus,
765 1206 895 1247 nichil
917 1208 959 1247 in
981 1207 1063 1247 hoc
1086 1207 1249 1247 mundo
1274 1220 1366 1248 esse
1400 1207 1573 1248 dicebat
1603 1207 1742 1247 simile
1777 1206 1872 1256 illis,

322 1292 406 1331 quo
426 1277 545 1318 illam
567 1290 696 1330 quam
720 1277 763 1316 in
785 1277 887 1329 ipsis
906 1276 1074 1316 viderat
1098 1276 1354 1328 qualitatem
1375 1277 1623 1329 exprimere
1651 1276 1872 1330 potuisset,

321 1347 403 1388 nisi
439 1346 547 1387 forte
581 1347 726 1399 ignem
757 1350 832 1385 aut
867 1344 1034 1394 lucem;
1073 1350 1116 1384 et
1151 1344 1290 1398 ipsam
1329 1351 1476 1385 tamen
1513 1359 1538 1385 a
1574 1344 1706 1399 longe
1746 1345 1875 1385 valde

323 1416 586 1457 dissimilem.
650 1414 892 1454 Memorem
924 1413 1100 1466 quidem
1131 1426 1177 1453 se
1208 1427 1302 1454 esse
1332 1413 1487 1463 aiebat,
1520 1414 1598 1454 sed
1629 1414 1873 1467 exprimere

323 1486 441 1526 nullo
464 1485 595 1525 modo
616 1497 742 1537 posse
763 1482 878 1536 quod
904 1482 1082 1523 viderat.
1148 1481 1342 1535 Explicit
1369 1483 1636 1536 exemplum.

414 1555 501 1604 (60)
536 1551 733 1594 Occurrit
753 1557 897 1591 autem
919 1549 1171 1603 exemplum
1193 1550 1309 1591 aliud
1330 1550 1428 1591 huic
1451 1552 1632 1592 materie
1663 1552 1873 1592 memoria

267 1610 312 1642 ΟΠ
325 1623 517 1676 dignum.
581 1622 699 1664 Sane
726 1620 834 1661 sicut
862 1619 990 1660 refert
1017 1620 1364 1674 archiepiscopus
1393 1621 1612 1674 quondam
1643 1620 1872 1661 Remensis

325 1693 543 1746 Turpinus
570 1691 757 1737 nomine,
780 1692 851 1744 qui
871 1704 970 1731 cum
993 1690 1149 1731 Carolo
1171 1691 1390 1743 quondam
1412 1704 1514 1744 rege
1536 1691 1800 1732 Francorum
1830 1696 1872 1731 et

325 1764 582 1816 imperatore
615 1761 914 1802 Romanorum
946 1761 988 1800 in
1021 1760 1166 1800 multis
1187 1760 1448 1800 exercitibus
1470 1760 1614 1813 preliis
1636 1767 1679 1801 et
1699 1760 1874 1801 tribula-

324 1831 513 1873 cionibus
555 1830 706 1882 fuerat,
750 1830 851 1884 [fol.
894 1830 997 1883 4462]
1038 1830 1160 1878 sicut,
1194 1830 1383 1883 inquam,
1425 1829 1554 1871 refert
1594 1830 1636 1869 in
1679 1830 1868 1883 quadam

324 1901 504 1955 epistola
534 1914 664 1954 quam
696 1905 739 1940 et
770 1913 851 1953 ego
882 1898 988 1951 legi:
1024 1898 1203 1940 Carolus
1236 1905 1499 1940 memoratus
1531 1898 1767 1940 Saracenos
1800 1901 1871 1952 qui

326 1970 699 2012 Christianitatem
717 1970 760 2010 in
780 1969 1008 2023 Hyspania
1025 1967 1332 2009 destruxerant
1345 1968 1357 1990 1
1379 1982 1476 2009 cum
1493 1968 1695 2009 conflictu
1711 1982 1874 2023 magno

325 2042 447 2081 eiecit
482 2047 526 2081 et
561 2040 718 2080 occidit
746 2038 816 2080 vel
851 2038 1098 2079 tributarios
1134 2037 1244 2080 fecit.
1309 2037 1410 2090 Quo
1442 2037 1571 2088 facto,
1607 2038 1873 2079 reedificavit

327 2110 483 2150 multas
505 2109 703 2150 ecclesias
724 2122 807 2162 que
823 2113 1069 2149 constructe
1084 2107 1251 2147 fuerant
1268 2108 1310 2147 in
1328 2107 1539 2147 honorem
1557 2108 1692 2148 sancti
1713 2107 1871 2158 Iacobi,

326 2193 433 2234 quas
465 2185 508 2219 et
539 2178 744 2220 Saraceni
776 2178 1002 2218 memorati
1034 2177 1347 2226 destruxerant,
1373 2177 1660 2227 reedificavit‚2
1682 2178 1871 2231 inquam,

326 2250 494 2290 ornavit
533 2254 577 2289 et
612 2248 668 2288 ad
709 2247 904 2289 debitum
945 2252 1106 2287 statum
1148 2246 1333 2286 reduxit.
1412 2245 1645 2300 Hyspania
1685 2260 1788 2300 ergo
1828 2253 1874 2288 et

326 2317 524 2360 omnibus
558 2318 681 2358 terris
716 2316 1118 2357 circumiacentibus
1154 2316 1209 2355 ad
1245 2328 1396 2369 pacem
1432 2315 1629 2366 reductis,
1667 2317 1793 2357 rediit
1830 2317 1871 2357 in

330 2387 560 2428 Franciam
594 2393 636 2427 et
670 2385 837 2427 transiit
871 2386 914 2425 in
947 2384 1243 2434 Almanniam,
1277 2384 1349 2424 ubi
1383 2385 1469 2425 cito
1504 2391 1604 2438 post
1637 2386 1871 2426 adventum

326 2473 448 2500 suum
481 2471 617 2512 usque
650 2458 705 2498 ad
741 2461 928 2497 mortem
966 2455 1208 2496 infirmatus
1246 2461 1324 2496 est.
1388 2455 1569 2496 Interim
1604 2469 1707 2496 vero
1739 2455 1874 2497 archi-

326 2529 548 2584 episcopus
576 2532 841 2568 memoratus
871 2525 1057 2578 quodam
1086 2525 1155 2565 die
1184 2525 1409 2578 sollempni
1441 2525 1747 2579 sollempniter,
1779 2538 1873 2578 pre-

326 2604 449 2639 sente
466 2597 639 2652 populo,
660 2597 837 2637 missam
854 2595 1096 2636 celebravit.
1156 2594 1214 2634 Et
1231 2608 1329 2635 ecce
1346 2594 1450 2634 dum
1472 2595 1614 2635 clerici
1636 2600 1873 2646 cantarent,

327 2668 670 2720 archiepiscopus
687 2666 805 2706 brevi
822 2677 1007 2718 sompno
1022 2664 1223 2717 arripitur
1239 2670 1283 2704 et
1299 2664 1416 2704 videt
1433 2664 1555 2705 iuxta
1571 2678 1617 2705 se
1633 2665 1869 2705 exercitum

328 2738 564 2778 demonum
606 2740 913 2776 transeuntem.
978 2733 1144 2786 Quibus
1187 2733 1504 2774 transeuntibus
1546 2734 1661 2774 dixit
1701 2733 1773 2773 uni
1813 2747 1870 2773 ex

330 2809 411 2848 eis:
451 2806 575 2859 ‘Quo
608 2805 874 2846 festinatis?’
938 2803 1025 2856 Qui
1061 2803 1310 2856 respondit:
1349 2803 1552 2844 ‘Carolus
1588 2803 1662 2843 ille
1698 2804 1769 2856 qui
1806 2808 1871 2843 tot

331 2876 443 2918 mala
475 2876 576 2917 fecit
608 2875 650 2915 in
683 2874 846 2916 mundo
879 2874 966 2914 iam
997 2872 1238 2913 infirmatur
1269 2880 1311 2914 et
1343 2879 1408 2913 est
1438 2886 1573 2926 prope
1605 2878 1804 2922 mortem,
1829 2879 1872 2913 et

700 2970 711 2989 1
724 2970 799 3002 MS.
818 2969 1038 3001 destruxerat.
1173 2968 1185 2988 ²
1197 2969 1271 3001 MS.
1289 2968 1499 3000 reedificant.
