<?xml version="1.0" encoding="UTF-8"?>
<!DOCTYPE html PUBLIC "-//W3C//DTD XHTML 1.0 Transitional//EN"
    "http://www.w3.org/TR/xhtml1/DTD/xhtml1-transitional.dtd">
<html xmlns="http://www.w3.org/1999/xhtml" xml:lang="en" lang="en">
 <head>
  <title>
</title>
<meta http-equiv="Content-Type" content="text/html;charset=utf-8" />
  <meta name='ocr-system' content='tesseract 3.04.00' />
  <meta name='ocr-capabilities' content='ocr_page ocr_carea ocr_par ocr_line ocrx_word'/>
</head>
<body>
  <div class='ocr_page' id='page_1' title='image "./liberexemploruma00litt_0043.png"; bbox 0 0 2052 3278; ppageno 0'>
   <div class='ocr_carea' id='block_1_1' title="bbox 438 190 1716 243">
    <p class='ocr_par' dir='ltr' id='par_1_1' title="bbox 438 190 1716 243">
     <span class='ocr_line' id='line_1_1' title="bbox 438 190 1716 243; baseline -0.001 -11"><span class='ocrx_word' id='word_1_1' title='bbox 438 190 772 243; x_wconf 78' lang='lat' dir='ltr'><strong>QUALITER</strong></span> <span class='ocrx_word' id='word_1_2' title='bbox 789 191 1120 233; x_wconf 78' lang='lat' dir='ltr'>CHRISTUS</span> <span class='ocrx_word' id='word_1_3' title='bbox 1154 190 1479 232; x_wconf 81' lang='lat' dir='ltr'><strong>APPARUIT</strong></span> <span class='ocrx_word' id='word_1_4' title='bbox 1698 200 1716 242; x_wconf 88' lang='lat'>5</span> 
     </span>
    </p>
   </div>
   <div class='ocr_carea' id='block_1_2' title="bbox 124 305 1912 2777">
    <p class='ocr_par' dir='ltr' id='par_1_2' title="bbox 124 305 1722 429">
     <span class='ocr_line' id='line_1_2' title="bbox 124 305 1722 358; baseline 0 -12"><span class='ocrx_word' id='word_1_5' title='bbox 124 307 127 353; x_wconf 55' lang='grc' dir='ltr'>ξ</span> <span class='ocrx_word' id='word_1_6' title='bbox 184 305 428 347; x_wconf 87' lang='lat' dir='ltr'>videntibus</span> <span class='ocrx_word' id='word_1_7' title='bbox 449 311 514 347; x_wconf 92' lang='lat' dir='ltr'>est</span> <span class='ocrx_word' id='word_1_8' title='bbox 537 306 726 346; x_wconf 88' lang='lat' dir='ltr'>elevatus</span> <span class='ocrx_word' id='word_1_9' title='bbox 747 307 790 346; x_wconf 90' lang='lat' dir='ltr'>in</span> <span class='ocrx_word' id='word_1_10' title='bbox 813 307 965 358; x_wconf 89' lang='lat' dir='ltr'>celum,</span> <span class='ocrx_word' id='word_1_11' title='bbox 988 313 1036 347; x_wconf 95' lang='lat' dir='ltr'>ut</span> <span class='ocrx_word' id='word_1_12' title='bbox 1056 320 1135 348; x_wconf 94' lang='lat' dir='ltr'>nos</span> <span class='ocrx_word' id='word_1_13' title='bbox 1156 306 1398 347; x_wconf 88' lang='lat' dir='ltr'>divinitatis</span> <span class='ocrx_word' id='word_1_14' title='bbox 1420 319 1493 347; x_wconf 91' lang='lat' dir='ltr'>sue</span> <span class='ocrx_word' id='word_1_15' title='bbox 1516 305 1722 347; x_wconf 81' lang='lat' dir='ltr'><strong>tribueret</strong></span> 
     </span>
     <span class='ocr_line' id='line_1_3' title="bbox 125 366 540 429; baseline 0.005 -15"><span class='ocrx_word' id='word_1_16' title='bbox 125 366 126 373; x_wconf 12' lang='grc' dir='ltr'>ἵ</span> <span class='ocrx_word' id='word_1_17' title='bbox 183 388 277 415; x_wconf 91' lang='lat' dir='ltr'>esse</span> <span class='ocrx_word' id='word_1_18' title='bbox 298 375 540 429; x_wconf 81' lang='lat' dir='ltr'>participes,</span> 
     </span>
    </p>

    <p class='ocr_par' dir='ltr' id='par_1_3' title="bbox 169 443 1912 2777">
     <span class='ocr_line' id='line_1_4' title="bbox 270 443 1721 497; baseline -0.002 -11"><span class='ocrx_word' id='word_1_19' title='bbox 270 443 328 496; x_wconf 83' lang='lat'>(9)</span> <span class='ocrx_word' id='word_1_20' title='bbox 382 444 576 486; x_wconf 82' lang='lat' dir='ltr'>Occurrit</span> <span class='ocrx_word' id='word_1_21' title='bbox 635 457 748 484; x_wconf 88' lang='lat' dir='ltr'>nunc</span> <span class='ocrx_word' id='word_1_22' title='bbox 808 445 1057 497; x_wconf 89' lang='lat' dir='ltr'>exemplum</span> <span class='ocrx_word' id='word_1_23' title='bbox 1117 445 1408 485; x_wconf 84' lang='lat' dir='ltr'>dulcissonum</span> <span class='ocrx_word' id='word_1_24' title='bbox 1458 444 1721 484; x_wconf 81' lang='lat' dir='ltr'>dominicam</span> 
     </span>
     <span class='ocr_line' id='line_1_5' title="bbox 182 512 1719 554; baseline 0 -1"><span class='ocrx_word' id='word_1_25' title='bbox 182 514 529 553; x_wconf 82' lang='lat' dir='ltr'>resurrectionem</span> <span class='ocrx_word' id='word_1_26' title='bbox 570 512 751 553; x_wconf 90' lang='lat' dir='ltr'>dulciter</span> <span class='ocrx_word' id='word_1_27' title='bbox 790 513 915 553; x_wconf 89' lang='lat' dir='ltr'>nobis</span> <span class='ocrx_word' id='word_1_28' title='bbox 956 513 1312 554; x_wconf 84' lang='lat' dir='ltr'>recommendans</span> <span class='ocrx_word' id='word_1_29' title='bbox 1354 514 1408 554; x_wconf 89' lang='lat' dir='ltr'>ad</span> <span class='ocrx_word' id='word_1_30' title='bbox 1451 512 1719 553; x_wconf 82' lang='lat' dir='ltr'>dulcedinem</span> 
     </span>
     <span class='ocr_line' id='line_1_6' title="bbox 181 582 1720 635; baseline 0.001 -14"><span class='ocrx_word' id='word_1_31' title='bbox 181 582 374 622; x_wconf 91' lang='lat' dir='ltr'>cordium</span> <span class='ocrx_word' id='word_1_32' title='bbox 405 588 660 631; x_wconf 90' lang='lat' dir='ltr'>nostrorum,</span> <span class='ocrx_word' id='word_1_33' title='bbox 682 583 798 635; x_wconf 88' lang='lat' dir='ltr'>quod</span> <span class='ocrx_word' id='word_1_34' title='bbox 830 589 875 623; x_wconf 93' lang='lat' dir='ltr'>et</span> <span class='ocrx_word' id='word_1_35' title='bbox 903 583 1108 635; x_wconf 87' lang='lat' dir='ltr'>scriptum</span> <span class='ocrx_word' id='word_1_36' title='bbox 1141 597 1233 623; x_wconf 87' lang='lat' dir='ltr'>esse</span> <span class='ocrx_word' id='word_1_37' title='bbox 1264 584 1305 622; x_wconf 93' lang='lat' dir='ltr'>in</span> <span class='ocrx_word' id='word_1_38' title='bbox 1327 582 1434 623; x_wconf 90' lang='lat' dir='ltr'>libro</span> <span class='ocrx_word' id='word_1_39' title='bbox 1465 583 1537 635; x_wconf 90' lang='lat' dir='ltr'>qui</span> <span class='ocrx_word' id='word_1_40' title='bbox 1563 583 1720 622; x_wconf 90' lang='lat' dir='ltr'>dicitur</span> 
     </span>
     <span class='ocr_line' id='line_1_7' title="bbox 183 649 1719 704; baseline 0.001 -14"><span class='ocrx_word' id='word_1_41' title='bbox 183 649 369 692; x_wconf 89' lang='lat' dir='ltr'>Gemma</span> <span class='ocrx_word' id='word_1_42' title='bbox 416 651 719 701; x_wconf 78' lang='lat' dir='ltr'>SacerdotaliS,</span> <span class='ocrx_word' id='word_1_43' title='bbox 761 652 830 692; x_wconf 89' lang='lat' dir='ltr'>vel</span> <span class='ocrx_word' id='word_1_44' title='bbox 869 652 942 704; x_wconf 90' lang='lat' dir='ltr'>qui</span> <span class='ocrx_word' id='word_1_45' title='bbox 982 653 1136 692; x_wconf 93' lang='lat' dir='ltr'>dicitur</span> <span class='ocrx_word' id='word_1_46' title='bbox 1173 653 1350 692; x_wconf 89' lang='lat' dir='ltr'>Marimi</span> <span class='ocrx_word' id='word_1_47' title='bbox 1390 652 1497 704; x_wconf 73' lang='lat' dir='ltr'>(sic),</span> <span class='ocrx_word' id='word_1_48' title='bbox 1539 653 1719 692; x_wconf 88' lang='lat' dir='ltr'>asseruit</span> 
     </span>
     <span class='ocr_line' id='line_1_8' title="bbox 180 719 1718 762; baseline 0.001 -3"><span class='ocrx_word' id='word_1_49' title='bbox 180 719 285 760; x_wconf 92' lang='lat' dir='ltr'>mihi</span> <span class='ocrx_word' id='word_1_50' title='bbox 315 720 446 761; x_wconf 88' lang='lat' dir='ltr'>frater</span> <span class='ocrx_word' id='word_1_51' title='bbox 478 720 695 761; x_wconf 91' lang='lat' dir='ltr'>Robertus</span> <span class='ocrx_word' id='word_1_52' title='bbox 731 721 785 761; x_wconf 93' lang='lat' dir='ltr'>de</span> <span class='ocrx_word' id='word_1_53' title='bbox 818 721 1070 761; x_wconf 90' lang='lat' dir='ltr'>Dodintun:</span> <span class='ocrx_word' id='word_1_54' title='bbox 1109 722 1269 762; x_wconf 82' lang='lat' dir='ltr'>unuml</span> <span class='ocrx_word' id='word_1_55' title='bbox 1309 727 1454 762; x_wconf 91' lang='lat' dir='ltr'>autem</span> <span class='ocrx_word' id='word_1_56' title='bbox 1490 722 1544 761; x_wconf 91' lang='lat' dir='ltr'>ad</span> <span class='ocrx_word' id='word_1_57' title='bbox 1578 722 1718 761; x_wconf 90' lang='lat' dir='ltr'>minus</span> 
     </span>
     <span class='ocr_line' id='line_1_9' title="bbox 179 788 1899 842; baseline 0.001 -14"><span class='ocrx_word' id='word_1_58' title='bbox 179 788 234 828; x_wconf 91' lang='lat' dir='ltr'>de</span> <span class='ocrx_word' id='word_1_59' title='bbox 267 789 566 829; x_wconf 91' lang='lat' dir='ltr'>communibus</span> <span class='ocrx_word' id='word_1_60' title='bbox 601 790 813 842; x_wconf 85' lang='lat' dir='ltr'>exemplis</span> <span class='ocrx_word' id='word_1_61' title='bbox 853 795 929 830; x_wconf 90' lang='lat' dir='ltr'>est.</span> <span class='ocrx_word' id='word_1_62' title='bbox 1003 788 1269 842; x_wconf 83' lang='lat' dir='ltr'>Exemplum</span> <span class='ocrx_word' id='word_1_63' title='bbox 1310 789 1484 842; x_wconf 89' lang='lat' dir='ltr'>quidem</span> <span class='ocrx_word' id='word_1_64' title='bbox 1521 790 1602 830; x_wconf 91' lang='lat' dir='ltr'>hoc</span> <span class='ocrx_word' id='word_1_65' title='bbox 1642 795 1717 830; x_wconf 90' lang='lat' dir='ltr'>est.</span> <span class='ocrx_word' id='word_1_66' title='bbox 1731 792 1899 834; x_wconf 70' lang='lat' dir='ltr'>Exempla</span> 
     </span>
     <span class='ocr_line' id='line_1_10' title="bbox 181 835 1912 921; baseline 0.001 -24"><span class='ocrx_word' id='word_1_67' title='bbox 181 856 422 910; x_wconf 83' lang='lat' dir='ltr'>Episcopus</span> <span class='ocrx_word' id='word_1_68' title='bbox 443 858 619 910; x_wconf 88' lang='lat' dir='ltr'>quidam</span> <span class='ocrx_word' id='word_1_69' title='bbox 652 858 693 897; x_wconf 89' lang='lat' dir='ltr'>in</span> <span class='ocrx_word' id='word_1_70' title='bbox 727 857 979 910; x_wconf 79' lang='lat' dir='ltr'>Campania,</span> <span class='ocrx_word' id='word_1_71' title='bbox 1012 859 1076 898; x_wconf 87' lang='lat' dir='ltr'>vir</span> <span class='ocrx_word' id='word_1_72' title='bbox 1103 857 1342 898; x_wconf 89' lang='lat' dir='ltr'>catholicus</span> <span class='ocrx_word' id='word_1_73' title='bbox 1364 859 1452 898; x_wconf 89' lang='lat' dir='ltr'>vite</span> <span class='ocrx_word' id='word_1_74' title='bbox 1486 859 1719 898; x_wconf 79' lang='lat' dir='ltr'>sanctitate</span> <span class='ocrx_word' id='word_1_75' title='bbox 1731 835 1912 921; x_wconf 43' lang='grc' dir='ltr'>ἓῖιῐὲξᾶρ),</span> 
     </span>
     <span class='ocr_line' id='line_1_11' title="bbox 177 926 1719 980; baseline 0.002 -14"><span class='ocrx_word' id='word_1_76' title='bbox 177 926 380 979; x_wconf 87' lang='lat' dir='ltr'>preditus,</span> <span class='ocrx_word' id='word_1_77' title='bbox 402 927 582 967; x_wconf 88' lang='lat' dir='ltr'>tandem</span> <span class='ocrx_word' id='word_1_78' title='bbox 603 928 712 967; x_wconf 92' lang='lat' dir='ltr'>sicut</span> <span class='ocrx_word' id='word_1_79' title='bbox 735 927 831 968; x_wconf 93' lang='lat' dir='ltr'>Deo</span> <span class='ocrx_word' id='word_1_80' title='bbox 852 927 1012 980; x_wconf 86' lang='lat' dir='ltr'>placuit</span> <span class='ocrx_word' id='word_1_81' title='bbox 1033 928 1259 968; x_wconf 88' lang='lat' dir='ltr'>cecitatem</span> <span class='ocrx_word' id='word_1_82' title='bbox 1281 929 1466 969; x_wconf 87' lang='lat' dir='ltr'>incurrit.</span> <span class='ocrx_word' id='word_1_83' title='bbox 1526 929 1607 970; x_wconf 89' lang='lat' dir='ltr'>Vir</span> <span class='ocrx_word' id='word_1_84' title='bbox 1638 930 1719 969; x_wconf 88' lang='lat' dir='ltr'>iste</span> 
     </span>
     <span class='ocr_line' id='line_1_12' title="bbox 177 995 1718 1048; baseline 0.002 -13"><span class='ocrx_word' id='word_1_85' title='bbox 177 1002 351 1035; x_wconf 91' lang='lat' dir='ltr'>sanctus</span> <span class='ocrx_word' id='word_1_86' title='bbox 373 996 566 1048; x_wconf 87' lang='lat' dir='ltr'>quodam</span> <span class='ocrx_word' id='word_1_87' title='bbox 587 995 657 1036; x_wconf 89' lang='lat' dir='ltr'>die</span> <span class='ocrx_word' id='word_1_88' title='bbox 678 997 996 1037; x_wconf 90' lang='lat' dir='ltr'>resurrectionis</span> <span class='ocrx_word' id='word_1_89' title='bbox 1028 997 1254 1047; x_wconf 90' lang='lat' dir='ltr'>dominice,</span> <span class='ocrx_word' id='word_1_90' title='bbox 1277 1010 1374 1037; x_wconf 90' lang='lat' dir='ltr'>cum</span> <span class='ocrx_word' id='word_1_91' title='bbox 1406 998 1576 1038; x_wconf 90' lang='lat' dir='ltr'>sederet</span> <span class='ocrx_word' id='word_1_92' title='bbox 1604 998 1718 1038; x_wconf 90' lang='lat' dir='ltr'>solus</span> 
     </span>
     <span class='ocr_line' id='line_1_13' title="bbox 177 1065 1719 1122; baseline 0.002 -18"><span class='ocrx_word' id='word_1_93' title='bbox 177 1065 219 1104; x_wconf 91' lang='lat' dir='ltr'>in</span> <span class='ocrx_word' id='word_1_94' title='bbox 252 1065 442 1114; x_wconf 89' lang='lat' dir='ltr'>ecclesia,</span> <span class='ocrx_word' id='word_1_95' title='bbox 474 1065 657 1118; x_wconf 82' lang='lat' dir='ltr'>contigit</span> <span class='ocrx_word' id='word_1_96' title='bbox 688 1072 735 1105; x_wconf 90' lang='lat' dir='ltr'>ut</span> <span class='ocrx_word' id='word_1_97' title='bbox 767 1066 972 1105; x_wconf 85' lang='lat' dir='ltr'>transiret</span> <span class='ocrx_word' id='word_1_98' title='bbox 1002 1078 1078 1118; x_wconf 89' lang='lat' dir='ltr'>per</span> <span class='ocrx_word' id='word_1_99' title='bbox 1108 1079 1206 1106; x_wconf 92' lang='lat' dir='ltr'>eum</span> <span class='ocrx_word' id='word_1_100' title='bbox 1229 1079 1331 1119; x_wconf 87' lang='lat' dir='ltr'>puer</span> <span class='ocrx_word' id='word_1_101' title='bbox 1352 1065 1443 1122; x_wconf 78' lang='lat' dir='ltr'><em>[fol.</em></span> <span class='ocrx_word' id='word_1_102' title='bbox 1471 1066 1568 1119; x_wconf 83' lang='lat' dir='ltr'><em>23b]</em></span> <span class='ocrx_word' id='word_1_103' title='bbox 1599 1080 1719 1107; x_wconf 77' lang='lat' dir='ltr'>unus,</span> 
     </span>
     <span class='ocr_line' id='line_1_14' title="bbox 178 1132 1717 1188; baseline 0.002 -15"><span class='ocrx_word' id='word_1_104' title='bbox 178 1132 321 1186; x_wconf 76' lang='lat' dir='ltr'>Quem</span> <span class='ocrx_word' id='word_1_105' title='bbox 347 1147 435 1173; x_wconf 92' lang='lat' dir='ltr'>non</span> <span class='ocrx_word' id='word_1_106' title='bbox 463 1133 614 1174; x_wconf 88' lang='lat' dir='ltr'>videns</span> <span class='ocrx_word' id='word_1_107' title='bbox 648 1134 723 1174; x_wconf 91' lang='lat' dir='ltr'>sed</span> <span class='ocrx_word' id='word_1_108' title='bbox 756 1135 935 1175; x_wconf 90' lang='lat' dir='ltr'>audiens</span> <span class='ocrx_word' id='word_1_109' title='bbox 967 1135 1192 1188; x_wconf 89' lang='lat' dir='ltr'>episcopus</span> <span class='ocrx_word' id='word_1_110' title='bbox 1224 1135 1357 1175; x_wconf 82' lang='lat' dir='ltr'>dixit:</span> <span class='ocrx_word' id='word_1_111' title='bbox 1384 1135 1518 1188; x_wconf 76' lang='lat' dir='ltr'>‘Quis</span> <span class='ocrx_word' id='word_1_112' title='bbox 1541 1149 1585 1175; x_wconf 93' lang='lat' dir='ltr'>es</span> <span class='ocrx_word' id='word_1_113' title='bbox 1608 1135 1717 1176; x_wconf 84' lang='lat' dir='ltr'>ibi?&#39;</span> 
     </span>
     <span class='ocr_line' id='line_1_15' title="bbox 178 1202 1719 1258; baseline 0.001 -15"><span class='ocrx_word' id='word_1_114' title='bbox 178 1202 263 1256; x_wconf 75' lang='lat' dir='ltr'>Qui</span> <span class='ocrx_word' id='word_1_115' title='bbox 315 1204 562 1256; x_wconf 89' lang='lat' dir='ltr'>respondit:</span> <span class='ocrx_word' id='word_1_116' title='bbox 617 1204 754 1257; x_wconf 79' lang='lat' dir='ltr'>‘Ego,</span> <span class='ocrx_word' id='word_1_117' title='bbox 795 1203 1004 1245; x_wconf 89' lang='lat' dir='ltr'>domine’.</span> <span class='ocrx_word' id='word_1_118' title='bbox 1085 1203 1146 1245; x_wconf 92' lang='lat' dir='ltr'>Et</span> <span class='ocrx_word' id='word_1_119' title='bbox 1195 1206 1257 1245; x_wconf 90' lang='lat' dir='ltr'>ait</span> <span class='ocrx_word' id='word_1_120' title='bbox 1302 1205 1553 1258; x_wconf 89' lang='lat' dir='ltr'>episcopus:</span> <span class='ocrx_word' id='word_1_121' title='bbox 1607 1204 1719 1258; x_wconf 76' lang='lat' dir='ltr'>‘Qui</span> 
     </span>
     <span class='ocr_line' id='line_1_16' title="bbox 176 1272 1718 1326; baseline 0.002 -15"><span class='ocrx_word' id='word_1_122' title='bbox 176 1277 274 1312; x_wconf 91' lang='lat' dir='ltr'>sunt</span> <span class='ocrx_word' id='word_1_123' title='bbox 296 1285 490 1313; x_wconf 88' lang='lat' dir='ltr'>rumores</span> <span class='ocrx_word' id='word_1_124' title='bbox 512 1272 625 1313; x_wconf 88' lang='lat' dir='ltr'>tui?’</span> <span class='ocrx_word' id='word_1_125' title='bbox 687 1272 766 1314; x_wconf 91' lang='lat' dir='ltr'>Cui</span> <span class='ocrx_word' id='word_1_126' title='bbox 797 1287 922 1326; x_wconf 90' lang='lat' dir='ltr'>puer:</span> <span class='ocrx_word' id='word_1_127' title='bbox 957 1276 964 1292; x_wconf 89' lang='lat'><em>‘</em></span> <span class='ocrx_word' id='word_1_128' title='bbox 985 1273 1070 1313; x_wconf 91' lang='lat' dir='ltr'>Hic</span> <span class='ocrx_word' id='word_1_129' title='bbox 1094 1280 1160 1314; x_wconf 89' lang='lat' dir='ltr'>est</span> <span class='ocrx_word' id='word_1_130' title='bbox 1192 1287 1350 1324; x_wconf 89' lang='lat' dir='ltr'>rumor,</span> <span class='ocrx_word' id='word_1_131' title='bbox 1373 1275 1558 1323; x_wconf 86' lang='lat' dir='ltr'>domine,</span> <span class='ocrx_word' id='word_1_132' title='bbox 1582 1273 1718 1315; x_wconf 88' lang='lat' dir='ltr'>bonus</span> 
     </span>
     <span class='ocr_line' id='line_1_17' title="bbox 174 1340 1717 1396; baseline 0.001 -15"><span class='ocrx_word' id='word_1_133' title='bbox 174 1340 312 1391; x_wconf 89' lang='lat' dir='ltr'>valde,</span> <span class='ocrx_word' id='word_1_134' title='bbox 340 1341 559 1391; x_wconf 65' lang='lat' dir='ltr'>¹videlicet,</span> <span class='ocrx_word' id='word_1_135' title='bbox 596 1343 697 1395; x_wconf 86' lang='lat' dir='ltr'>quia</span> <span class='ocrx_word' id='word_1_136' title='bbox 719 1343 972 1382; x_wconf 82' lang='lat' dir='ltr'>ressurrexit</span> <span class='ocrx_word' id='word_1_137' title='bbox 995 1342 1206 1383; x_wconf 89' lang='lat' dir='ltr'>Dominus</span> <span class='ocrx_word' id='word_1_138' title='bbox 1224 1343 1243 1383; x_wconf 91' lang='lat'>&#39;.</span> <span class='ocrx_word' id='word_1_139' title='bbox 1296 1342 1369 1383; x_wconf 84' lang='lat' dir='ltr'>Ad</span> <span class='ocrx_word' id='word_1_140' title='bbox 1392 1345 1508 1396; x_wconf 85' lang='lat' dir='ltr'>quod</span> <span class='ocrx_word' id='word_1_141' title='bbox 1540 1343 1717 1384; x_wconf 89' lang='lat' dir='ltr'>verbum</span> 
     </span>
     <span class='ocr_line' id='line_1_18' title="bbox 173 1411 1717 1465; baseline 0.003 -16"><span class='ocrx_word' id='word_1_142' title='bbox 173 1411 398 1464; x_wconf 88' lang='lat' dir='ltr'>episcopus</span> <span class='ocrx_word' id='word_1_143' title='bbox 416 1424 622 1464; x_wconf 83' lang='lat' dir='ltr'>magnam</span> <span class='ocrx_word' id='word_1_144' title='bbox 644 1411 958 1452; x_wconf 88' lang='lat' dir='ltr'>iocunditatem</span> <span class='ocrx_word' id='word_1_145' title='bbox 979 1412 1107 1452; x_wconf 89' lang='lat' dir='ltr'>valde</span> <span class='ocrx_word' id='word_1_146' title='bbox 1137 1413 1332 1465; x_wconf 91' lang='lat' dir='ltr'>concepit</span> <span class='ocrx_word' id='word_1_147' title='bbox 1355 1413 1396 1452; x_wconf 92' lang='lat' dir='ltr'>in</span> <span class='ocrx_word' id='word_1_148' title='bbox 1417 1413 1547 1453; x_wconf 91' lang='lat' dir='ltr'>corde</span> <span class='ocrx_word' id='word_1_149' title='bbox 1567 1426 1655 1462; x_wconf 91' lang='lat' dir='ltr'>suo,</span> <span class='ocrx_word' id='word_1_150' title='bbox 1674 1419 1717 1453; x_wconf 91' lang='lat' dir='ltr'>et</span> 
     </span>
     <span class='ocr_line' id='line_1_19' title="bbox 174 1479 1716 1534; baseline 0.002 -15"><span class='ocrx_word' id='word_1_151' title='bbox 174 1479 216 1519; x_wconf 83' lang='lat' dir='ltr'>in</span> <span class='ocrx_word' id='word_1_152' title='bbox 239 1480 484 1520; x_wconf 90' lang='lat' dir='ltr'>huiusmodi</span> <span class='ocrx_word' id='word_1_153' title='bbox 506 1480 682 1521; x_wconf 89' lang='lat' dir='ltr'>verbum</span> <span class='ocrx_word' id='word_1_154' title='bbox 704 1483 922 1534; x_wconf 89' lang='lat' dir='ltr'>prorupit:</span> <span class='ocrx_word' id='word_1_155' title='bbox 962 1484 969 1501; x_wconf 89' lang='lat'><em>‘</em></span> <span class='ocrx_word' id='word_1_156' title='bbox 988 1482 1246 1522; x_wconf 88' lang='lat' dir='ltr'>Benedictus</span> <span class='ocrx_word' id='word_1_157' title='bbox 1278 1483 1345 1531; x_wconf 88' lang='lat' dir='ltr'>sis⁷</span> <span class='ocrx_word' id='word_1_158' title='bbox 1369 1481 1439 1530; x_wconf 85' lang='lat' dir='ltr'>fili,</span> <span class='ocrx_word' id='word_1_159' title='bbox 1462 1496 1487 1522; x_wconf 90' lang='lat' dir='ltr'>a</span> <span class='ocrx_word' id='word_1_160' title='bbox 1509 1481 1716 1531; x_wconf 90' lang='lat' dir='ltr'>Domino,</span> 
     </span>
     <span class='ocr_line' id='line_1_20' title="bbox 174 1549 1717 1603; baseline 0.001 -15"><span class='ocrx_word' id='word_1_161' title='bbox 174 1549 273 1600; x_wconf 89' lang='lat' dir='ltr'>quia</span> <span class='ocrx_word' id='word_1_162' title='bbox 314 1550 555 1589; x_wconf 88' lang='lat' dir='ltr'>verrissime</span> <span class='ocrx_word' id='word_1_163' title='bbox 590 1549 729 1590; x_wconf 88' lang='lat' dir='ltr'>bonus</span> <span class='ocrx_word' id='word_1_164' title='bbox 763 1563 907 1590; x_wconf 91' lang='lat' dir='ltr'>rumor</span> <span class='ocrx_word' id='word_1_165' title='bbox 937 1555 1013 1590; x_wconf 86' lang='lat' dir='ltr'>est.</span> <span class='ocrx_word' id='word_1_166' title='bbox 1096 1549 1333 1603; x_wconf 88' lang='lat' dir='ltr'>Nunquam</span> <span class='ocrx_word' id='word_1_167' title='bbox 1381 1564 1527 1590; x_wconf 89' lang='lat' dir='ltr'>rumor</span> <span class='ocrx_word' id='word_1_168' title='bbox 1567 1551 1717 1591; x_wconf 91' lang='lat' dir='ltr'>melior</span> 
     </span>
     <span class='ocr_line' id='line_1_21' title="bbox 172 1617 1715 1672; baseline 0.002 -15"><span class='ocrx_word' id='word_1_169' title='bbox 172 1618 343 1658; x_wconf 88' lang='lat' dir='ltr'>auditus</span> <span class='ocrx_word' id='word_1_170' title='bbox 385 1617 472 1659; x_wconf 90' lang='lat' dir='ltr'>est.’</span> <span class='ocrx_word' id='word_1_171' title='bbox 563 1618 758 1671; x_wconf 82' lang='lat' dir='ltr'>Contigit</span> <span class='ocrx_word' id='word_1_172' title='bbox 798 1625 945 1659; x_wconf 89' lang='lat' dir='ltr'>autem</span> <span class='ocrx_word' id='word_1_173' title='bbox 976 1632 1065 1659; x_wconf 89' lang='lat' dir='ltr'>non</span> <span class='ocrx_word' id='word_1_174' title='bbox 1107 1619 1245 1659; x_wconf 90' lang='lat' dir='ltr'>multo</span> <span class='ocrx_word' id='word_1_175' title='bbox 1280 1625 1379 1672; x_wconf 89' lang='lat' dir='ltr'>post</span> <span class='ocrx_word' id='word_1_176' title='bbox 1412 1625 1460 1659; x_wconf 87' lang='lat' dir='ltr'>ut</span> <span class='ocrx_word' id='word_1_177' title='bbox 1491 1620 1715 1672; x_wconf 86' lang='lat' dir='ltr'>quoddam</span> 
     </span>
     <span class='ocr_line' id='line_1_22' title="bbox 173 1688 1715 1743; baseline 0.001 -15"><span class='ocrx_word' id='word_1_178' title='bbox 173 1695 345 1729; x_wconf 88' lang='lat' dir='ltr'>vacaret</span> <span class='ocrx_word' id='word_1_179' title='bbox 367 1688 619 1730; x_wconf 90' lang='lat' dir='ltr'>beneficium</span> <span class='ocrx_word' id='word_1_180' title='bbox 642 1689 805 1729; x_wconf 84' lang='lat' dir='ltr'>bonum</span> <span class='ocrx_word' id='word_1_181' title='bbox 828 1690 869 1729; x_wconf 90' lang='lat' dir='ltr'>in</span> <span class='ocrx_word' id='word_1_182' title='bbox 892 1691 1156 1743; x_wconf 71' lang='lat' dir='ltr'>episcopatu</span> <span class='ocrx_word' id='word_1_183' title='bbox 1218 1689 1347 1742; x_wconf 72' lang='lat' dir='ltr'>Quod</span> <span class='ocrx_word' id='word_1_184' title='bbox 1370 1703 1467 1730; x_wconf 91' lang='lat' dir='ltr'>cum</span> <span class='ocrx_word' id='word_1_185' title='bbox 1489 1690 1715 1743; x_wconf 89' lang='lat' dir='ltr'>episcopus</span> 
     </span>
     <span class='ocr_line' id='line_1_23' title="bbox 174 1758 1715 1812; baseline 0.001 -15"><span class='ocrx_word' id='word_1_186' title='bbox 174 1758 420 1811; x_wconf 87' lang='lat' dir='ltr'>accepisset,</span> <span class='ocrx_word' id='word_1_187' title='bbox 445 1758 544 1798; x_wconf 87' lang='lat' dir='ltr'>fecit</span> <span class='ocrx_word' id='word_1_188' title='bbox 563 1759 617 1798; x_wconf 89' lang='lat' dir='ltr'>ad</span> <span class='ocrx_word' id='word_1_189' title='bbox 641 1772 686 1798; x_wconf 91' lang='lat' dir='ltr'>se</span> <span class='ocrx_word' id='word_1_190' title='bbox 715 1759 860 1798; x_wconf 85' lang='lat' dir='ltr'>vocari</span> <span class='ocrx_word' id='word_1_191' title='bbox 888 1771 1067 1812; x_wconf 92' lang='lat' dir='ltr'>puerum</span> <span class='ocrx_word' id='word_1_192' title='bbox 1090 1765 1406 1799; x_wconf 88' lang='lat' dir='ltr'>memoratum:</span> <span class='ocrx_word' id='word_1_193' title='bbox 1439 1760 1505 1799; x_wconf 91' lang='lat' dir='ltr'>cui</span> <span class='ocrx_word' id='word_1_194' title='bbox 1527 1765 1571 1799; x_wconf 91' lang='lat' dir='ltr'>et</span> <span class='ocrx_word' id='word_1_195' title='bbox 1602 1758 1715 1799; x_wconf 88' lang='lat' dir='ltr'>dixit</span> 
     </span>
     <span class='ocr_line' id='line_1_24' title="bbox 173 1827 1714 1881; baseline 0.001 -15"><span class='ocrx_word' id='word_1_196' title='bbox 173 1827 425 1880; x_wconf 91' lang='lat' dir='ltr'>episcopus:</span> <span class='ocrx_word' id='word_1_197' title='bbox 476 1827 751 1877; x_wconf 87' lang='lat' dir='ltr'>‘Karissime‚</span> <span class='ocrx_word' id='word_1_198' title='bbox 789 1841 885 1868; x_wconf 91' lang='lat' dir='ltr'>cum</span> <span class='ocrx_word' id='word_1_199' title='bbox 937 1829 1043 1868; x_wconf 90' lang='lat' dir='ltr'>mihi</span> <span class='ocrx_word' id='word_1_200' title='bbox 1081 1842 1297 1869; x_wconf 88' lang='lat' dir='ltr'>rumorem</span> <span class='ocrx_word' id='word_1_201' title='bbox 1338 1828 1455 1868; x_wconf 91' lang='lat' dir='ltr'>illum</span> <span class='ocrx_word' id='word_1_202' title='bbox 1500 1829 1714 1881; x_wconf 89' lang='lat' dir='ltr'>optimum</span> 
     </span>
     <span class='ocr_line' id='line_1_25' title="bbox 171 1895 1715 1951; baseline 0.002 -16"><span class='ocrx_word' id='word_1_203' title='bbox 171 1896 375 1945; x_wconf 88' lang='lat' dir='ltr'>detulisti,</span> <span class='ocrx_word' id='word_1_204' title='bbox 398 1897 513 1949; x_wconf 87' lang='lat' dir='ltr'>quod</span> <span class='ocrx_word' id='word_1_205' title='bbox 536 1895 735 1937; x_wconf 90' lang='lat' dir='ltr'>videlicet</span> <span class='ocrx_word' id='word_1_206' title='bbox 761 1898 996 1937; x_wconf 88' lang='lat' dir='ltr'>resurrexit</span> <span class='ocrx_word' id='word_1_207' title='bbox 1027 1897 1252 1945; x_wconf 87' lang='lat' dir='ltr'>Dominus,</span> <span class='ocrx_word' id='word_1_208' title='bbox 1275 1904 1317 1937; x_wconf 93' lang='lat' dir='ltr'>et</span> <span class='ocrx_word' id='word_1_209' title='bbox 1349 1911 1441 1950; x_wconf 80' lang='lat' dir='ltr'>ego,</span> <span class='ocrx_word' id='word_1_210' title='bbox 1461 1911 1541 1951; x_wconf 88' lang='lat' dir='ltr'>pro</span> <span class='ocrx_word' id='word_1_211' title='bbox 1566 1911 1715 1938; x_wconf 90' lang='lat' dir='ltr'>amore</span> 
     </span>
     <span class='ocr_line' id='line_1_26' title="bbox 171 1964 1713 2017; baseline 0.003 -14"><span class='ocrx_word' id='word_1_212' title='bbox 171 1964 279 2004; x_wconf 87' lang='lat' dir='ltr'>illius</span> <span class='ocrx_word' id='word_1_213' title='bbox 319 1965 374 2004; x_wconf 93' lang='lat' dir='ltr'>de</span> <span class='ocrx_word' id='word_1_214' title='bbox 415 1978 500 2017; x_wconf 89' lang='lat' dir='ltr'>quo</span> <span class='ocrx_word' id='word_1_215' title='bbox 541 1978 758 2005; x_wconf 87' lang='lat' dir='ltr'>rumorem</span> <span class='ocrx_word' id='word_1_216' title='bbox 808 1965 1011 2015; x_wconf 88' lang='lat' dir='ltr'>detulisti,</span> <span class='ocrx_word' id='word_1_217' title='bbox 1054 1965 1159 2006; x_wconf 90' lang='lat' dir='ltr'>illud</span> <span class='ocrx_word' id='word_1_218' title='bbox 1201 1966 1457 2006; x_wconf 87' lang='lat' dir='ltr'>beneficium</span> <span class='ocrx_word' id='word_1_219' title='bbox 1499 1966 1558 2006; x_wconf 94' lang='lat' dir='ltr'>do</span> <span class='ocrx_word' id='word_1_220' title='bbox 1597 1965 1713 2007; x_wconf 89' lang='lat' dir='ltr'>tibi’.</span> 
     </span>
     <span class='ocr_line' id='line_1_27' title="bbox 173 2034 1714 2089; baseline 0.001 -16"><span class='ocrx_word' id='word_1_221' title='bbox 173 2034 284 2073; x_wconf 90' lang='lat' dir='ltr'>Puer</span> <span class='ocrx_word' id='word_1_222' title='bbox 325 2038 471 2074; x_wconf 90' lang='lat' dir='ltr'>autem</span> <span class='ocrx_word' id='word_1_223' title='bbox 513 2035 594 2074; x_wconf 89' lang='lat' dir='ltr'>hoc</span> <span class='ocrx_word' id='word_1_224' title='bbox 635 2035 812 2075; x_wconf 91' lang='lat' dir='ltr'>audiens</span> <span class='ocrx_word' id='word_1_225' title='bbox 854 2049 911 2075; x_wconf 86' lang='lat' dir='ltr'>ex</span> <span class='ocrx_word' id='word_1_226' title='bbox 954 2036 1182 2088; x_wconf 90' lang='lat' dir='ltr'>inopinato</span> <span class='ocrx_word' id='word_1_227' title='bbox 1213 2036 1377 2089; x_wconf 85' lang='lat' dir='ltr'>gratias</span> <span class='ocrx_word' id='word_1_228' title='bbox 1418 2035 1525 2076; x_wconf 88' lang='lat' dir='ltr'>sicut</span> <span class='ocrx_word' id='word_1_229' title='bbox 1565 2036 1714 2076; x_wconf 90' lang='lat' dir='ltr'>debuit</span> 
     </span>
     <span class='ocr_line' id='line_1_28' title="bbox 171 2102 1712 2158; baseline 0.003 -16"><span class='ocrx_word' id='word_1_230' title='bbox 171 2102 315 2143; x_wconf 88' lang='lat' dir='ltr'>retulit</span> <span class='ocrx_word' id='word_1_231' title='bbox 355 2104 570 2157; x_wconf 88' lang='lat' dir='ltr'>episcopo.</span> <span class='ocrx_word' id='word_1_232' title='bbox 648 2104 808 2145; x_wconf 90' lang='lat' dir='ltr'>Postea</span> <span class='ocrx_word' id='word_1_233' title='bbox 849 2119 951 2145; x_wconf 87' lang='lat' dir='ltr'>vero</span> <span class='ocrx_word' id='word_1_234' title='bbox 987 2106 1210 2157; x_wconf 87' lang='lat' dir='ltr'>aliquanto</span> <span class='ocrx_word' id='word_1_235' title='bbox 1241 2111 1440 2158; x_wconf 89' lang='lat' dir='ltr'>tempore</span> <span class='ocrx_word' id='word_1_236' title='bbox 1475 2105 1712 2155; x_wconf 88' lang='lat' dir='ltr'>interiecto,</span> 
     </span>
     <span class='ocr_line' id='line_1_29' title="bbox 170 2172 1712 2226; baseline 0.001 -15"><span class='ocrx_word' id='word_1_237' title='bbox 170 2172 373 2224; x_wconf 88' lang='lat' dir='ltr'>episcopo</span> <span class='ocrx_word' id='word_1_238' title='bbox 412 2179 542 2212; x_wconf 90' lang='lat' dir='ltr'>nocte</span> <span class='ocrx_word' id='word_1_239' title='bbox 578 2173 767 2225; x_wconf 87' lang='lat' dir='ltr'>quadam</span> <span class='ocrx_word' id='word_1_240' title='bbox 808 2174 1041 2214; x_wconf 90' lang='lat' dir='ltr'>dormienti</span> <span class='ocrx_word' id='word_1_241' title='bbox 1079 2174 1204 2214; x_wconf 88' lang='lat' dir='ltr'>adest</span> <span class='ocrx_word' id='word_1_242' title='bbox 1246 2174 1286 2213; x_wconf 90' lang='lat' dir='ltr'>in</span> <span class='ocrx_word' id='word_1_243' title='bbox 1330 2174 1524 2226; x_wconf 87' lang='lat' dir='ltr'>sompnis</span> <span class='ocrx_word' id='word_1_244' title='bbox 1565 2174 1712 2226; x_wconf 84' lang='lat' dir='ltr'>regina</span> 
     </span>
     <span class='ocr_line' id='line_1_30' title="bbox 171 2240 1711 2295; baseline 0.001 -15"><span class='ocrx_word' id='word_1_245' title='bbox 171 2240 319 2280; x_wconf 90' lang='lat' dir='ltr'>mundi</span> <span class='ocrx_word' id='word_1_246' title='bbox 360 2247 500 2282; x_wconf 90' lang='lat' dir='ltr'>mater</span> <span class='ocrx_word' id='word_1_247' title='bbox 539 2242 831 2282; x_wconf 87' lang='lat' dir='ltr'>misericordie</span> <span class='ocrx_word' id='word_1_248' title='bbox 870 2243 1017 2283; x_wconf 89' lang='lat' dir='ltr'>dicens</span> <span class='ocrx_word' id='word_1_249' title='bbox 1058 2244 1119 2285; x_wconf 87' lang='lat' dir='ltr'>ei:</span> <span class='ocrx_word' id='word_1_250' title='bbox 1160 2243 1376 2283; x_wconf 89' lang='lat' dir='ltr'>‘Domine</span> <span class='ocrx_word' id='word_1_251' title='bbox 1416 2243 1626 2295; x_wconf 89' lang='lat' dir='ltr'>episcope,</span> <span class='ocrx_word' id='word_1_252' title='bbox 1666 2249 1711 2283; x_wconf 92' lang='lat' dir='ltr'>tu</span> 
     </span>
     <span class='ocr_line' id='line_1_31' title="bbox 170 2309 1710 2365; baseline 0.001 -16"><span class='ocrx_word' id='word_1_253' title='bbox 170 2309 327 2349; x_wconf 86' lang='lat' dir='ltr'>dedisti</span> <span class='ocrx_word' id='word_1_254' title='bbox 363 2310 617 2351; x_wconf 87' lang='lat' dir='ltr'>beneficium</span> <span class='ocrx_word' id='word_1_255' title='bbox 669 2311 771 2352; x_wconf 89' lang='lat' dir='ltr'>illud</span> <span class='ocrx_word' id='word_1_256' title='bbox 824 2325 959 2364; x_wconf 88' lang='lat' dir='ltr'>puero</span> <span class='ocrx_word' id='word_1_257' title='bbox 999 2313 1070 2365; x_wconf 86' lang='lat' dir='ltr'>qui</span> <span class='ocrx_word' id='word_1_258' title='bbox 1113 2325 1330 2352; x_wconf 90' lang='lat' dir='ltr'>rumorem</span> <span class='ocrx_word' id='word_1_259' title='bbox 1378 2312 1498 2351; x_wconf 90' lang='lat' dir='ltr'>illum</span> <span class='ocrx_word' id='word_1_260' title='bbox 1548 2311 1710 2352; x_wconf 89' lang='lat' dir='ltr'>bonum</span> 
     </span>
     <span class='ocr_line' id='line_1_32' title="bbox 170 2379 1709 2422; baseline 0.002 -4"><span class='ocrx_word' id='word_1_261' title='bbox 170 2379 389 2419; x_wconf 87' lang='lat' dir='ltr'>nunciavit</span> <span class='ocrx_word' id='word_1_262' title='bbox 430 2380 508 2421; x_wconf 90' lang='lat' dir='ltr'>tibi</span> <span class='ocrx_word' id='word_1_263' title='bbox 548 2381 603 2420; x_wconf 92' lang='lat' dir='ltr'>de</span> <span class='ocrx_word' id='word_1_264' title='bbox 645 2383 955 2421; x_wconf 89' lang='lat' dir='ltr'>resurrectione</span> <span class='ocrx_word' id='word_1_265' title='bbox 994 2381 1067 2421; x_wconf 87' lang='lat' dir='ltr'>filii</span> <span class='ocrx_word' id='word_1_266' title='bbox 1100 2381 1196 2422; x_wconf 88' lang='lat' dir='ltr'>mei.</span> <span class='ocrx_word' id='word_1_267' title='bbox 1270 2381 1396 2421; x_wconf 88' lang='lat' dir='ltr'>Nunc</span> <span class='ocrx_word' id='word_1_268' title='bbox 1441 2387 1587 2421; x_wconf 89' lang='lat' dir='ltr'>autem</span> <span class='ocrx_word' id='word_1_269' title='bbox 1628 2380 1709 2421; x_wconf 89' lang='lat' dir='ltr'>hoc</span> 
     </span>
     <span class='ocr_line' id='line_1_33' title="bbox 169 2447 1708 2503; baseline 0.002 -16"><span class='ocrx_word' id='word_1_270' title='bbox 169 2447 323 2488; x_wconf 82' lang='lat' dir='ltr'>faciam</span> <span class='ocrx_word' id='word_1_271' title='bbox 346 2447 444 2488; x_wconf 89' lang='lat' dir='ltr'>tibi.&#39;</span> <span class='ocrx_word' id='word_1_272' title='bbox 503 2448 563 2489; x_wconf 90' lang='lat' dir='ltr'>Et</span> <span class='ocrx_word' id='word_1_273' title='bbox 585 2451 786 2503; x_wconf 87' lang='lat' dir='ltr'>apposita</span> <span class='ocrx_word' id='word_1_274' title='bbox 808 2464 937 2491; x_wconf 89' lang='lat' dir='ltr'>manu</span> <span class='ocrx_word' id='word_1_275' title='bbox 959 2450 1014 2490; x_wconf 89' lang='lat' dir='ltr'>ad</span> <span class='ocrx_word' id='word_1_276' title='bbox 1029 2464 1159 2490; x_wconf 89' lang='lat' dir='ltr'>unam</span> <span class='ocrx_word' id='word_1_277' title='bbox 1178 2449 1467 2490; x_wconf 91' lang='lat' dir='ltr'>mamillarum</span> <span class='ocrx_word' id='word_1_278' title='bbox 1482 2449 1708 2490; x_wconf 88' lang='lat' dir='ltr'>beatarum</span> 
     </span>
     <span class='ocr_line' id='line_1_34' title="bbox 170 2516 1707 2572; baseline 0.002 -16"><span class='ocrx_word' id='word_1_279' title='bbox 170 2516 298 2568; x_wconf 89' lang='lat' dir='ltr'>plena</span> <span class='ocrx_word' id='word_1_280' title='bbox 351 2517 544 2557; x_wconf 85' lang='lat' dir='ltr'>mamilla</span> <span class='ocrx_word' id='word_1_281' title='bbox 592 2518 656 2558; x_wconf 89' lang='lat' dir='ltr'>lac</span> <span class='ocrx_word' id='word_1_282' title='bbox 706 2520 877 2572; x_wconf 85' lang='lat' dir='ltr'>utrique</span> <span class='ocrx_word' id='word_1_283' title='bbox 930 2519 1054 2559; x_wconf 92' lang='lat' dir='ltr'>oculo</span> <span class='ocrx_word' id='word_1_284' title='bbox 1098 2520 1287 2572; x_wconf 88' lang='lat' dir='ltr'>episcopi</span> <span class='ocrx_word' id='word_1_285' title='bbox 1328 2518 1560 2559; x_wconf 87' lang='lat' dir='ltr'>instillavit.</span> <span class='ocrx_word' id='word_1_286' title='bbox 1634 2518 1707 2559; x_wconf 85' lang='lat' dir='ltr'>Ad</span> 
     </span>
     <span class='ocr_line' id='line_1_35' title="bbox 170 2586 1709 2641; baseline 0.002 -17"><span class='ocrx_word' id='word_1_287' title='bbox 170 2597 301 2637; x_wconf 86' lang='lat' dir='ltr'>quam</span> <span class='ocrx_word' id='word_1_288' title='bbox 323 2586 499 2638; x_wconf 86' lang='lat' dir='ltr'>quidem</span> <span class='ocrx_word' id='word_1_289' title='bbox 521 2587 851 2628; x_wconf 88' lang='lat' dir='ltr'>instillacionem</span> <span class='ocrx_word' id='word_1_290' title='bbox 882 2589 1109 2641; x_wconf 89' lang='lat' dir='ltr'>episcopus</span> <span class='ocrx_word' id='word_1_291' title='bbox 1131 2589 1339 2641; x_wconf 81' lang='lat' dir='ltr'>evigilans</span> <span class='ocrx_word' id='word_1_292' title='bbox 1361 2587 1503 2627; x_wconf 91' lang='lat' dir='ltr'>oculos</span> <span class='ocrx_word' id='word_1_293' title='bbox 1539 2588 1709 2640; x_wconf 89' lang='lat' dir='ltr'>aperuit</span> 
     </span>
     <span class='ocr_line' id='line_1_36' title="bbox 169 2655 1708 2710; baseline 0.003 -17"><span class='ocrx_word' id='word_1_294' title='bbox 169 2660 212 2693; x_wconf 90' lang='lat' dir='ltr'>et</span> <span class='ocrx_word' id='word_1_295' title='bbox 249 2655 399 2694; x_wconf 89' lang='lat' dir='ltr'>statim</span> <span class='ocrx_word' id='word_1_296' title='bbox 440 2655 586 2695; x_wconf 87' lang='lat' dir='ltr'>videre</span> <span class='ocrx_word' id='word_1_297' title='bbox 626 2669 671 2695; x_wconf 94' lang='lat' dir='ltr'>se</span> <span class='ocrx_word' id='word_1_298' title='bbox 712 2657 773 2696; x_wconf 89' lang='lat' dir='ltr'>ita</span> <span class='ocrx_word' id='word_1_299' title='bbox 804 2657 918 2697; x_wconf 88' lang='lat' dir='ltr'>clare</span> <span class='ocrx_word' id='word_1_300' title='bbox 958 2658 1116 2710; x_wconf 89' lang='lat' dir='ltr'>reperit</span> <span class='ocrx_word' id='word_1_301' title='bbox 1157 2658 1264 2697; x_wconf 89' lang='lat' dir='ltr'>sicut</span> <span class='ocrx_word' id='word_1_302' title='bbox 1295 2669 1515 2709; x_wconf 86' lang='lat' dir='ltr'>nunquam</span> <span class='ocrx_word' id='word_1_303' title='bbox 1555 2656 1708 2697; x_wconf 91' lang='lat' dir='ltr'>clarius</span> 
     </span>
     <span class='ocr_line' id='line_1_37' title="bbox 169 2721 838 2777; baseline 0.006 -16"><span class='ocrx_word' id='word_1_304' title='bbox 169 2722 288 2762; x_wconf 88' lang='lat' dir='ltr'>vidit.</span> <span class='ocrx_word' id='word_1_305' title='bbox 351 2721 544 2775; x_wconf 88' lang='lat' dir='ltr'>Explicit</span> <span class='ocrx_word' id='word_1_306' title='bbox 576 2724 838 2777; x_wconf 88' lang='lat' dir='ltr'>exemplum.</span> 
     </span>
    </p>
   </div>
   <div class='ocr_carea' id='block_1_3' title="bbox 858 2845 1031 2878">
    <p class='ocr_par' dir='ltr' id='par_1_4' title="bbox 858 2845 1031 2878">
     <span class='ocr_line' id='line_1_38' title="bbox 858 2845 1031 2878; baseline 0 -1"><span class='ocrx_word' id='word_1_307' title='bbox 858 2847 868 2865; x_wconf 77' lang='lat'>¹</span> <span class='ocrx_word' id='word_1_308' title='bbox 883 2847 957 2877; x_wconf 87' lang='lat' dir='ltr'>MS.</span> <span class='ocrx_word' id='word_1_309' title='bbox 976 2845 1031 2878; x_wconf 72' lang='grc' dir='ltr'>υἷι.</span> 
     </span>
    </p>
   </div>
  </div>
 </body>
</html>
