<?xml version="1.0" encoding="UTF-8"?>
<!DOCTYPE html PUBLIC "-//W3C//DTD XHTML 1.0 Transitional//EN"
    "http://www.w3.org/TR/xhtml1/DTD/xhtml1-transitional.dtd">
<html xmlns="http://www.w3.org/1999/xhtml" xml:lang="en" lang="en">
 <head>
  <title>
</title>
<meta http-equiv="Content-Type" content="text/html;charset=utf-8" />
  <meta name='ocr-system' content='tesseract 3.04.00' />
  <meta name='ocr-capabilities' content='ocr_page ocr_carea ocr_par ocr_line ocrx_word'/>
</head>
<body>
  <div class='ocr_page' id='page_1' title='image "./liberexemploruma00litt_0033.png"; bbox 0 0 2025 3175; ppageno 0'>
   <div class='ocr_carea' id='block_1_1' title="bbox 66 241 128 270">
    <p class='ocr_par' dir='ltr' id='par_1_1' title="bbox 66 241 128 270">
     <span class='ocr_line' id='line_1_1' title="bbox 66 241 128 270; baseline 0 0"><span class='ocrx_word' id='word_1_1' title='bbox 66 241 128 270; x_wconf 53' lang='grc' dir='ltr'>ς(</span> 
     </span>
    </p>
   </div>
   <div class='ocr_carea' id='block_1_2' title="bbox 125 272 129 388">
    <p class='ocr_par' dir='ltr' id='par_1_2' title="bbox 125 272 129 388">
     <span class='ocr_line' id='line_1_2' title="bbox 125 272 129 388; baseline 0 -31"><span class='ocrx_word' id='word_1_2' title='bbox 125 272 129 388; x_wconf 58' lang='lat'>1</span> 
     </span>
    </p>
   </div>
   <div class='ocr_carea' id='block_1_3' title="bbox 116 398 126 507">
    <p class='ocr_par' dir='ltr' id='par_1_3' title="bbox 116 391 127 507">
     <span class='ocr_line' id='line_1_3' title="bbox 116 398 126 507; baseline 0 -112"><span class='ocrx_word' id='word_1_3' title='bbox 116 398 126 507; x_wconf 36' lang='lat' dir='ltr'>s</span> 
     </span>
    </p>
   </div>
   <div class='ocr_carea' id='block_1_4' title="bbox 285 263 1751 311">
    <p class='ocr_par' dir='ltr' id='par_1_4' title="bbox 285 263 1751 311">
     <span class='ocr_line' id='line_1_4' title="bbox 285 263 1751 311; baseline 0.005 -8"><span class='ocrx_word' id='word_1_4' title='bbox 285 263 487 304; x_wconf 90' lang='lat' dir='ltr'>INDEX</span> <span class='ocrx_word' id='word_1_5' title='bbox 521 263 951 308; x_wconf 87' lang='lat' dir='ltr'>RUBRICARUM</span> <span class='ocrx_word' id='word_1_6' title='bbox 986 266 1065 306; x_wconf 87' lang='lat' dir='ltr'>ET</span> <span class='ocrx_word' id='word_1_7' title='bbox 1100 266 1566 311; x_wconf 85' lang='lat' dir='ltr'>CAPITULORUM</span> <span class='ocrx_word' id='word_1_8' title='bbox 1628 272 1751 310; x_wconf 85' lang='lat' dir='ltr'>xxvii</span> 
     </span>
    </p>
   </div>
   <div class='ocr_carea' id='block_1_5' title="bbox 214 391 1752 2901">
    <p class='ocr_par' dir='ltr' id='par_1_5' title="bbox 215 391 1752 2348">
     <span class='ocr_line' id='line_1_5' title="bbox 1671 391 1752 414; baseline 0.025 -2"><span class='ocrx_word' id='word_1_9' title='bbox 1671 391 1752 414; x_wconf 88' lang='lat' dir='ltr'>PAG.</span> 
     </span>
     <span class='ocr_line' id='line_1_6' title="bbox 376 430 578 483; baseline 0.005 -13"><span class='ocrx_word' id='word_1_10' title='bbox 376 430 443 470; x_wconf 81' lang='lat' dir='ltr'>De</span> <span class='ocrx_word' id='word_1_11' title='bbox 455 430 578 483; x_wconf 80' lang='lat' dir='ltr'>gula.</span> 
     </span>
     <span class='ocr_line' id='line_1_7' title="bbox 224 498 1751 558; baseline 0.005 -20"><span class='ocrx_word' id='word_1_12' title='bbox 224 500 338 550; x_wconf 82' lang='lat'>(152)</span> <span class='ocrx_word' id='word_1_13' title='bbox 374 499 444 539; x_wconf 93' lang='lat' dir='ltr'>De</span> <span class='ocrx_word' id='word_1_14' title='bbox 463 499 619 539; x_wconf 84' lang='lat' dir='ltr'>comite</span> <span class='ocrx_word' id='word_1_15' title='bbox 639 498 789 552; x_wconf 85' lang='lat' dir='ltr'>guloso</span> <span class='ocrx_word' id='word_1_16' title='bbox 809 505 852 539; x_wconf 92' lang='lat' dir='ltr'>et</span> <span class='ocrx_word' id='word_1_17' title='bbox 873 500 963 540; x_wconf 90' lang='lat' dir='ltr'>eius</span> <span class='ocrx_word' id='word_1_18' title='bbox 984 500 1071 541; x_wconf 90' lang='lat' dir='ltr'>filio</span> <span class='ocrx_word' id='word_1_19' title='bbox 1698 516 1751 558; x_wconf 89' lang='lat'>92</span> 
     </span>
     <span class='ocr_line' id='line_1_8' title="bbox 224 568 1752 627; baseline 0.005 -21"><span class='ocrx_word' id='word_1_20' title='bbox 224 570 337 619; x_wconf 83' lang='lat'>(153)</span> <span class='ocrx_word' id='word_1_21' title='bbox 374 568 442 608; x_wconf 92' lang='lat' dir='ltr'>De</span> <span class='ocrx_word' id='word_1_22' title='bbox 463 568 636 608; x_wconf 86' lang='lat' dir='ltr'>moniali</span> <span class='ocrx_word' id='word_1_23' title='bbox 658 568 867 608; x_wconf 85' lang='lat' dir='ltr'>lactucam</span> <span class='ocrx_word' id='word_1_24' title='bbox 887 570 1139 610; x_wconf 84' lang='lat' dir='ltr'><strong>comedente</strong></span> <span class='ocrx_word' id='word_1_25' title='bbox 1406 604 1432 612; x_wconf 92' lang='lat'>..</span> <span class='ocrx_word' id='word_1_26' title='bbox 1699 585 1752 627; x_wconf 86' lang='lat'>92</span> 
     </span>
     <span class='ocr_line' id='line_1_9' title="bbox 224 636 1749 695; baseline 0.004 -19"><span class='ocrx_word' id='word_1_27' title='bbox 224 638 337 687; x_wconf 86' lang='lat'>(154)</span> <span class='ocrx_word' id='word_1_28' title='bbox 373 637 442 677; x_wconf 89' lang='grc' dir='ltr'>Β6</span> <span class='ocrx_word' id='word_1_29' title='bbox 463 637 650 690; x_wconf 89' lang='lat' dir='ltr'>quodam</span> <span class='ocrx_word' id='word_1_30' title='bbox 669 636 882 677; x_wconf 85' lang='lat' dir='ltr'>monacho</span> <span class='ocrx_word' id='word_1_31' title='bbox 903 651 949 677; x_wconf 94' lang='lat' dir='ltr'>se</span> <span class='ocrx_word' id='word_1_32' title='bbox 969 637 1157 678; x_wconf 88' lang='lat' dir='ltr'>ieiunare</span> <span class='ocrx_word' id='word_1_33' title='bbox 1178 639 1487 691; x_wconf 81' lang='lat' dir='ltr'><strong>praetendente</strong></span> <span class='ocrx_word' id='word_1_34' title='bbox 1697 654 1749 695; x_wconf 89' lang='grc'>93</span> 
     </span>
     <span class='ocr_line' id='line_1_10' title="bbox 222 705 1752 764; baseline 0.004 -19"><span class='ocrx_word' id='word_1_35' title='bbox 222 707 336 755; x_wconf 86' lang='lat'>(155)</span> <span class='ocrx_word' id='word_1_36' title='bbox 372 705 443 746; x_wconf 91' lang='lat' dir='ltr'>De</span> <span class='ocrx_word' id='word_1_37' title='bbox 463 706 652 759; x_wconf 87' lang='lat' dir='ltr'>quodam</span> <span class='ocrx_word' id='word_1_38' title='bbox 675 706 887 746; x_wconf 88' lang='lat' dir='ltr'>monacho</span> <span class='ocrx_word' id='word_1_39' title='bbox 908 711 1104 758; x_wconf 86' lang='lat' dir='ltr'>potatore</span> <span class='ocrx_word' id='word_1_40' title='bbox 1697 723 1752 764; x_wconf 85' lang='lat'>94</span> 
     </span>
     <span class='ocr_line' id='line_1_11' title="bbox 222 773 1749 834; baseline 0.004 -20"><span class='ocrx_word' id='word_1_41' title='bbox 222 773 335 825; x_wconf 85' lang='lat'>(156)</span> <span class='ocrx_word' id='word_1_42' title='bbox 371 775 442 815; x_wconf 92' lang='lat' dir='ltr'>De</span> <span class='ocrx_word' id='word_1_43' title='bbox 463 775 653 815; x_wconf 86' lang='lat' dir='ltr'>remedio</span> <span class='ocrx_word' id='word_1_44' title='bbox 673 781 823 815; x_wconf 85' lang='lat' dir='ltr'>contra</span> <span class='ocrx_word' id='word_1_45' title='bbox 842 774 986 828; x_wconf 87' lang='lat' dir='ltr'>gulam</span> <span class='ocrx_word' id='word_1_46' title='bbox 1698 789 1749 834; x_wconf 85' lang='lat'>95</span> 
     </span>
     <span class='ocr_line' id='line_1_12' title="bbox 220 843 1748 901; baseline 0.003 -18"><span class='ocrx_word' id='word_1_47' title='bbox 220 845 334 894; x_wconf 83' lang='lat'>(157)</span> <span class='ocrx_word' id='word_1_48' title='bbox 371 843 604 896; x_wconf 78' lang='lat' dir='ltr'>Quomodo</span> <span class='ocrx_word' id='word_1_49' title='bbox 623 843 811 885; x_wconf 86' lang='lat' dir='ltr'>ebriosus</span> <span class='ocrx_word' id='word_1_50' title='bbox 832 850 929 896; x_wconf 85' lang='lat' dir='ltr'>post</span> <span class='ocrx_word' id='word_1_51' title='bbox 951 850 1132 885; x_wconf 85' lang='lat' dir='ltr'>mortem</span> <span class='ocrx_word' id='word_1_52' title='bbox 1156 846 1353 898; x_wconf 82' lang='lat' dir='ltr'>apparuit</span> <span class='ocrx_word' id='word_1_53' title='bbox 1374 859 1501 887; x_wconf 85' lang='lat' dir='ltr'>avaro</span> <span class='ocrx_word' id='word_1_54' title='bbox 1697 857 1748 901; x_wconf 82' lang='lat'>95</span> 
     </span>
     <span class='ocr_line' id='line_1_13' title="bbox 371 912 713 953; baseline -0.003 0"><span class='ocrx_word' id='word_1_55' title='bbox 371 912 438 953; x_wconf 80' lang='lat' dir='ltr'>De</span> <span class='ocrx_word' id='word_1_56' title='bbox 458 913 713 953; x_wconf 70' lang='lat' dir='ltr'>humilitate.</span> 
     </span>
     <span class='ocr_line' id='line_1_14' title="bbox 221 981 1752 1039; baseline 0.003 -18"><span class='ocrx_word' id='word_1_57' title='bbox 221 982 335 1032; x_wconf 84' lang='lat'>(158)</span> <span class='ocrx_word' id='word_1_58' title='bbox 371 981 565 1023; x_wconf 89' lang='lat' dir='ltr'><strong>Verbum</strong></span> <span class='ocrx_word' id='word_1_59' title='bbox 589 981 636 1024; x_wconf 93' lang='lat' dir='ltr'>B.</span> <span class='ocrx_word' id='word_1_60' title='bbox 661 981 842 1021; x_wconf 87' lang='lat' dir='ltr'>Antonii</span> <span class='ocrx_word' id='word_1_61' title='bbox 1697 987 1752 1039; x_wconf 89' lang='lat'>96</span> 
     </span>
     <span class='ocr_line' id='line_1_15' title="bbox 220 1050 1752 1108; baseline 0.003 -18"><span class='ocrx_word' id='word_1_62' title='bbox 220 1053 334 1104; x_wconf 91' lang='grc'>(159)</span> <span class='ocrx_word' id='word_1_63' title='bbox 371 1050 440 1091; x_wconf 92' lang='grc' dir='ltr'>Β6</span> <span class='ocrx_word' id='word_1_64' title='bbox 461 1051 602 1104; x_wconf 88' lang='lat' dir='ltr'>puella</span> <span class='ocrx_word' id='word_1_65' title='bbox 622 1050 867 1091; x_wconf 83' lang='lat' dir='ltr'>demoniata</span> <span class='ocrx_word' id='word_1_66' title='bbox 1698 1056 1752 1108; x_wconf 92' lang='lat'>96</span> 
     </span>
     <span class='ocr_line' id='line_1_16' title="bbox 220 1120 1752 1178; baseline 0.005 -19"><span class='ocrx_word' id='word_1_67' title='bbox 220 1121 333 1170; x_wconf 87' lang='lat'><em>(160)</em></span> <span class='ocrx_word' id='word_1_68' title='bbox 370 1120 439 1160; x_wconf 91' lang='lat' dir='ltr'>De</span> <span class='ocrx_word' id='word_1_69' title='bbox 460 1120 632 1161; x_wconf 89' lang='lat' dir='ltr'>diabolo</span> <span class='ocrx_word' id='word_1_70' title='bbox 652 1126 696 1160; x_wconf 91' lang='lat' dir='ltr'>et</span> <span class='ocrx_word' id='word_1_71' title='bbox 717 1120 762 1161; x_wconf 87' lang='lat' dir='ltr'>B.</span> <span class='ocrx_word' id='word_1_72' title='bbox 787 1120 1010 1160; x_wconf 88' lang='lat' dir='ltr'>Machario</span> <span class='ocrx_word' id='word_1_73' title='bbox 1697 1126 1752 1178; x_wconf 91' lang='lat'>96</span> 
     </span>
     <span class='ocr_line' id='line_1_17' title="bbox 219 1189 1752 1244; baseline 0.004 -16"><span class='ocrx_word' id='word_1_74' title='bbox 219 1190 333 1239; x_wconf 94' lang='lat'>(161)</span> <span class='ocrx_word' id='word_1_75' title='bbox 370 1189 439 1230; x_wconf 93' lang='lat' dir='ltr'>De</span> <span class='ocrx_word' id='word_1_76' title='bbox 459 1189 617 1231; x_wconf 83' lang='lat' dir='ltr'><strong>abbate</strong></span> <span class='ocrx_word' id='word_1_77' title='bbox 639 1189 818 1242; x_wconf 83' lang='lat' dir='ltr'>patienti</span> <span class='ocrx_word' id='word_1_78' title='bbox 1697 1195 1752 1244; x_wconf 89' lang='grc'>96</span> 
     </span>
     <span class='ocr_line' id='line_1_18' title="bbox 219 1258 1751 1316; baseline 0.003 -18"><span class='ocrx_word' id='word_1_79' title='bbox 219 1259 333 1309; x_wconf 90' lang='grc'>(162)</span> <span class='ocrx_word' id='word_1_80' title='bbox 369 1258 439 1299; x_wconf 89' lang='grc' dir='ltr'>Β6</span> <span class='ocrx_word' id='word_1_81' title='bbox 460 1259 628 1299; x_wconf 91' lang='lat' dir='ltr'>duobus</span> <span class='ocrx_word' id='word_1_82' title='bbox 650 1258 850 1299; x_wconf 87' lang='lat' dir='ltr'>fratribus</span> <span class='ocrx_word' id='word_1_83' title='bbox 1697 1272 1751 1316; x_wconf 87' lang='lat'>97</span> 
     </span>
     <span class='ocr_line' id='line_1_19' title="bbox 219 1329 1750 1386; baseline 0.003 -18"><span class='ocrx_word' id='word_1_84' title='bbox 219 1330 332 1382; x_wconf 83' lang='lat'>(163)</span> <span class='ocrx_word' id='word_1_85' title='bbox 368 1329 562 1370; x_wconf 87' lang='lat' dir='ltr'><strong>Verbum</strong></span> <span class='ocrx_word' id='word_1_86' title='bbox 585 1329 698 1369; x_wconf 87' lang='lat' dir='ltr'>senis</span> <span class='ocrx_word' id='word_1_87' title='bbox 1696 1342 1750 1386; x_wconf 90' lang='grc'>97</span> 
     </span>
     <span class='ocr_line' id='line_1_20' title="bbox 215 1396 1750 1454; baseline 0.001 -16"><span class='ocrx_word' id='word_1_88' title='bbox 215 1397 333 1450; x_wconf 90' lang='grc'>(164)</span> <span class='ocrx_word' id='word_1_89' title='bbox 372 1398 535 1438; x_wconf 83' lang='lat' dir='ltr'>Indicia</span> <span class='ocrx_word' id='word_1_90' title='bbox 556 1399 705 1439; x_wconf 91' lang='lat' dir='ltr'>decem</span> <span class='ocrx_word' id='word_1_91' title='bbox 727 1396 979 1438; x_wconf 86' lang='lat' dir='ltr'>humilitatis</span> <span class='ocrx_word' id='word_1_92' title='bbox 1697 1410 1750 1454; x_wconf 88' lang='lat'>97</span> 
     </span>
     <span class='ocr_line' id='line_1_21' title="bbox 219 1465 1749 1523; baseline 0.003 -17"><span class='ocrx_word' id='word_1_93' title='bbox 219 1468 332 1519; x_wconf 83' lang='lat'>(165)</span> <span class='ocrx_word' id='word_1_94' title='bbox 369 1467 566 1520; x_wconf 86' lang='lat' dir='ltr'>Dionysii</span> <span class='ocrx_word' id='word_1_95' title='bbox 588 1479 839 1519; x_wconf 87' lang='lat' dir='ltr'>responsum</span> <span class='ocrx_word' id='word_1_96' title='bbox 861 1465 1118 1507; x_wconf 85' lang='lat' dir='ltr'>Alexandro</span> <span class='ocrx_word' id='word_1_97' title='bbox 1696 1471 1749 1523; x_wconf 87' lang='grc'>98</span> 
     </span>
     <span class='ocr_line' id='line_1_22' title="bbox 367 1535 746 1589; baseline -0.003 -13"><span class='ocrx_word' id='word_1_98' title='bbox 367 1536 437 1577; x_wconf 81' lang='lat' dir='ltr'>De</span> <span class='ocrx_word' id='word_1_99' title='bbox 457 1535 746 1589; x_wconf 45' lang='lat' dir='ltr'>indulgentia&amp;</span> 
     </span>
     <span class='ocr_line' id='line_1_23' title="bbox 216 1603 1749 1659; baseline 0.001 -14"><span class='ocrx_word' id='word_1_100' title='bbox 216 1605 331 1655; x_wconf 90' lang='grc'>(166)</span> <span class='ocrx_word' id='word_1_101' title='bbox 367 1604 598 1659; x_wconf 75' lang='lat' dir='ltr'>Quomodo</span> <span class='ocrx_word' id='word_1_102' title='bbox 617 1605 682 1644; x_wconf 89' lang='lat' dir='ltr'>vir</span> <span class='ocrx_word' id='word_1_103' title='bbox 701 1603 845 1644; x_wconf 87' lang='lat' dir='ltr'>fatuus</span> <span class='ocrx_word' id='word_1_104' title='bbox 865 1604 1060 1645; x_wconf 89' lang='lat' dir='ltr'>vendidit</span> <span class='ocrx_word' id='word_1_105' title='bbox 1081 1604 1377 1659; x_wconf 84' lang='lat' dir='ltr'>indulgencias</span> <span class='ocrx_word' id='word_1_106' title='bbox 1399 1618 1496 1645; x_wconf 86' lang='lat' dir='ltr'>suas</span> <span class='ocrx_word' id='word_1_107' title='bbox 1694 1607 1749 1658; x_wconf 84' lang='lat'>98</span> 
     </span>
     <span class='ocr_line' id='line_1_24' title="bbox 366 1673 1632 1727; baseline 0.002 -13"><span class='ocrx_word' id='word_1_108' title='bbox 366 1673 434 1714; x_wconf 78' lang='lat' dir='ltr'>De</span> <span class='ocrx_word' id='word_1_109' title='bbox 454 1673 619 1714; x_wconf 68' lang='lat' dir='ltr'>iniuria</span> <span class='ocrx_word' id='word_1_110' title='bbox 641 1673 928 1714; x_wconf 78' lang='lat' dir='ltr'>innocentibus</span> <span class='ocrx_word' id='word_1_111' title='bbox 946 1673 1037 1714; x_wconf 78' lang='lat' dir='ltr'>sive</span> <span class='ocrx_word' id='word_1_112' title='bbox 1056 1673 1103 1714; x_wconf 80' lang='lat'>2&#39;72</span> <span class='ocrx_word' id='word_1_113' title='bbox 1125 1673 1247 1714; x_wconf 73' lang='lat' dir='ltr'>rebus</span> <span class='ocrx_word' id='word_1_114' title='bbox 1265 1674 1355 1715; x_wconf 76' lang='lat' dir='ltr'>sive</span> <span class='ocrx_word' id='word_1_115' title='bbox 1377 1674 1422 1714; x_wconf 79' lang='lat' dir='ltr'>z&#39;n</span> <span class='ocrx_word' id='word_1_116' title='bbox 1434 1681 1632 1727; x_wconf 80' lang='lat' dir='ltr'>persona.</span> 
     </span>
     <span class='ocr_line' id='line_1_25' title="bbox 216 1741 1749 1798; baseline 0.001 -15"><span class='ocrx_word' id='word_1_117' title='bbox 216 1744 330 1794; x_wconf 87' lang='grc'>(167)</span> <span class='ocrx_word' id='word_1_118' title='bbox 367 1743 436 1783; x_wconf 89' lang='grc' dir='ltr'>Β6</span> <span class='ocrx_word' id='word_1_119' title='bbox 456 1743 584 1784; x_wconf 88' lang='lat' dir='ltr'>vidua</span> <span class='ocrx_word' id='word_1_120' title='bbox 603 1743 719 1796; x_wconf 90' lang='lat' dir='ltr'>apud</span> <span class='ocrx_word' id='word_1_121' title='bbox 741 1742 985 1784; x_wconf 85' lang='lat' dir='ltr'>Caritohela</span> <span class='ocrx_word' id='word_1_122' title='bbox 1007 1755 1115 1795; x_wconf 89' lang='lat' dir='ltr'>quae</span> <span class='ocrx_word' id='word_1_123' title='bbox 1137 1741 1329 1797; x_wconf 85' lang='lat' dir='ltr'>iugulata</span> <span class='ocrx_word' id='word_1_124' title='bbox 1350 1749 1415 1784; x_wconf 88' lang='lat' dir='ltr'>est</span> <span class='ocrx_word' id='word_1_125' title='bbox 1693 1758 1749 1798; x_wconf 93' lang='grc'>99</span> 
     </span>
     <span class='ocr_line' id='line_1_26' title="bbox 367 1811 634 1852; baseline 0 -1"><span class='ocrx_word' id='word_1_126' title='bbox 367 1812 435 1852; x_wconf 82' lang='lat' dir='ltr'>De</span> <span class='ocrx_word' id='word_1_127' title='bbox 454 1811 634 1852; x_wconf 75' lang='lat' dir='ltr'>invidia.</span> 
     </span>
     <span class='ocr_line' id='line_1_27' title="bbox 216 1880 1744 1934; baseline 0 -12"><span class='ocrx_word' id='word_1_128' title='bbox 216 1881 331 1931; x_wconf 89' lang='grc'>(168)</span> <span class='ocrx_word' id='word_1_129' title='bbox 367 1880 601 1934; x_wconf 76' lang='lat' dir='ltr'>Quomodo</span> <span class='ocrx_word' id='word_1_130' title='bbox 623 1880 758 1934; x_wconf 90' lang='lat' dir='ltr'>puniti</span> <span class='ocrx_word' id='word_1_131' title='bbox 781 1886 882 1921; x_wconf 89' lang='lat' dir='ltr'>sunt</span> <span class='ocrx_word' id='word_1_132' title='bbox 904 1880 1025 1930; x_wconf 90' lang='lat' dir='ltr'>Core,</span> <span class='ocrx_word' id='word_1_133' title='bbox 1051 1880 1228 1921; x_wconf 89' lang='lat' dir='ltr'>Dathan</span> <span class='ocrx_word' id='word_1_134' title='bbox 1250 1886 1292 1921; x_wconf 90' lang='lat' dir='ltr'>et</span> <span class='ocrx_word' id='word_1_135' title='bbox 1313 1880 1482 1921; x_wconf 90' lang='lat' dir='ltr'>Abiron</span> <span class='ocrx_word' id='word_1_136' title='bbox 1671 1893 1744 1923; x_wconf 90' lang='lat'>101</span> 
     </span>
     <span class='ocr_line' id='line_1_28' title="bbox 216 1949 1743 2005; baseline -0.001 -14"><span class='ocrx_word' id='word_1_137' title='bbox 216 1949 330 2005; x_wconf 87' lang='lat'>(169)</span> <span class='ocrx_word' id='word_1_138' title='bbox 367 1949 589 1991; x_wconf 85' lang='lat' dir='ltr'>Sententia</span> <span class='ocrx_word' id='word_1_139' title='bbox 611 1949 660 1993; x_wconf 87' lang='grc' dir='ltr'>Β.</span> <span class='ocrx_word' id='word_1_140' title='bbox 686 1949 921 2003; x_wconf 80' lang='lat' dir='ltr'>Augustini</span> <span class='ocrx_word' id='word_1_141' title='bbox 1668 1959 1743 1991; x_wconf 91' lang='lat'>101</span> 
     </span>
     <span class='ocr_line' id='line_1_29' title="bbox 366 2019 545 2061; baseline 0.011 -2"><span class='ocrx_word' id='word_1_142' title='bbox 366 2019 434 2060; x_wconf 82' lang='lat' dir='ltr'>De</span> <span class='ocrx_word' id='word_1_143' title='bbox 453 2019 545 2061; x_wconf 76' lang='lat' dir='ltr'>Ira.</span> 
     </span>
     <span class='ocr_line' id='line_1_30' title="bbox 216 2086 1740 2145; baseline 0 -15"><span class='ocrx_word' id='word_1_144' title='bbox 216 2091 329 2145; x_wconf 92' lang='lat'>(170)</span> <span class='ocrx_word' id='word_1_145' title='bbox 366 2088 593 2130; x_wconf 85' lang='lat' dir='ltr'>Sententia</span> <span class='ocrx_word' id='word_1_146' title='bbox 613 2088 781 2130; x_wconf 87' lang='lat' dir='ltr'>abbatis</span> <span class='ocrx_word' id='word_1_147' title='bbox 804 2086 1051 2141; x_wconf 87' lang='lat' dir='ltr'>Agathonis</span> <span class='ocrx_word' id='word_1_148' title='bbox 1666 2101 1740 2130; x_wconf 89' lang='lat'>101</span> 
     </span>
     <span class='ocr_line' id='line_1_31' title="bbox 215 2155 1740 2214; baseline -0.001 -16"><span class='ocrx_word' id='word_1_149' title='bbox 215 2161 328 2214; x_wconf 88' lang='lat'>(171)</span> <span class='ocrx_word' id='word_1_150' title='bbox 365 2158 586 2199; x_wconf 84' lang='lat' dir='ltr'>Passiones</span> <span class='ocrx_word' id='word_1_151' title='bbox 608 2158 695 2198; x_wconf 87' lang='lat' dir='ltr'>irae</span> <span class='ocrx_word' id='word_1_152' title='bbox 715 2163 898 2210; x_wconf 87' lang='lat' dir='ltr'>quatuor</span> <span class='ocrx_word' id='word_1_153' title='bbox 919 2157 1059 2197; x_wconf 86' lang='lat' dir='ltr'>modis</span> <span class='ocrx_word' id='word_1_154' title='bbox 1081 2155 1293 2197; x_wconf 85' lang='lat' dir='ltr'>habentur</span> <span class='ocrx_word' id='word_1_155' title='bbox 1669 2169 1740 2199; x_wconf 91' lang='lat'>101</span> 
     </span>
     <span class='ocr_line' id='line_1_32' title="bbox 366 2226 618 2269; baseline 0.008 -2"><span class='ocrx_word' id='word_1_156' title='bbox 366 2227 433 2267; x_wconf 80' lang='lat' dir='ltr'>De</span> <span class='ocrx_word' id='word_1_157' title='bbox 454 2226 618 2269; x_wconf 74' lang='lat' dir='ltr'>iudicio.</span> 
     </span>
     <span class='ocr_line' id='line_1_33' title="bbox 217 2294 1603 2348; baseline -0.001 -12"><span class='ocrx_word' id='word_1_158' title='bbox 217 2298 331 2347; x_wconf 86' lang='lat'>(172)</span> <span class='ocrx_word' id='word_1_159' title='bbox 367 2296 436 2337; x_wconf 93' lang='lat' dir='ltr'>De</span> <span class='ocrx_word' id='word_1_160' title='bbox 459 2296 508 2338; x_wconf 91' lang='lat' dir='ltr'>B.</span> <span class='ocrx_word' id='word_1_161' title='bbox 535 2296 727 2336; x_wconf 87' lang='lat' dir='ltr'>Iohanne</span> <span class='ocrx_word' id='word_1_162' title='bbox 749 2295 1104 2348; x_wconf 88' lang='lat' dir='ltr'>Eleemosynario</span> <span class='ocrx_word' id='word_1_163' title='bbox 1125 2300 1167 2335; x_wconf 89' lang='lat' dir='ltr'>et</span> <span class='ocrx_word' id='word_1_164' title='bbox 1189 2294 1366 2336; x_wconf 85' lang='lat' dir='ltr'>muliere</span> <span class='ocrx_word' id='word_1_165' title='bbox 1388 2295 1450 2335; x_wconf 89' lang='lat' dir='ltr'>ius</span> <span class='ocrx_word' id='word_1_166' title='bbox 1471 2295 1603 2335; x_wconf 89' lang='lat' dir='ltr'>vindi—</span> 
     </span>
    </p>

    <p class='ocr_par' dir='ltr' id='par_1_6' title="bbox 214 2353 1745 2901">
     <span class='ocr_line' id='line_1_34' title="bbox 332 2353 1741 2406; baseline -0.001 0"><span class='ocrx_word' id='word_1_167' title='bbox 332 2353 334 2355; x_wconf 25' lang='lat'>·</span> <span class='ocrx_word' id='word_1_168' title='bbox 482 2371 606 2406; x_wconf 87' lang='lat' dir='ltr'>cante</span> <span class='ocrx_word' id='word_1_169' title='bbox 1668 2375 1741 2406; x_wconf 90' lang='lat'>101</span> 
     </span>
     <span class='ocr_line' id='line_1_35' title="bbox 216 2433 1745 2487; baseline 0 -13"><span class='ocrx_word' id='word_1_170' title='bbox 216 2436 330 2486; x_wconf 86' lang='lat'>(173)</span> <span class='ocrx_word' id='word_1_171' title='bbox 367 2434 436 2474; x_wconf 93' lang='lat' dir='ltr'>De</span> <span class='ocrx_word' id='word_1_172' title='bbox 455 2435 644 2487; x_wconf 85' lang='lat' dir='ltr'>quodam</span> <span class='ocrx_word' id='word_1_173' title='bbox 666 2433 802 2474; x_wconf 90' lang='lat' dir='ltr'>iudice</span> <span class='ocrx_word' id='word_1_174' title='bbox 824 2434 981 2474; x_wconf 88' lang='lat' dir='ltr'>iniusto</span> <span class='ocrx_word' id='word_1_175' title='bbox 1669 2445 1745 2474; x_wconf 88' lang='lat'>102</span> 
     </span>
     <span class='ocr_line' id='line_1_36' title="bbox 215 2502 1744 2556; baseline -0.001 -12"><span class='ocrx_word' id='word_1_176' title='bbox 215 2506 329 2555; x_wconf 85' lang='lat'>(174)</span> <span class='ocrx_word' id='word_1_177' title='bbox 366 2503 435 2543; x_wconf 94' lang='lat' dir='ltr'>De</span> <span class='ocrx_word' id='word_1_178' title='bbox 456 2504 666 2544; x_wconf 88' lang='lat' dir='ltr'>monacho</span> <span class='ocrx_word' id='word_1_179' title='bbox 687 2502 931 2556; x_wconf 84' lang='lat' dir='ltr'>negligente</span> <span class='ocrx_word' id='word_1_180' title='bbox 1669 2513 1744 2543; x_wconf 86' lang='lat'>102</span> 
     </span>
     <span class='ocr_line' id='line_1_37' title="bbox 215 2572 1744 2625; baseline -0.001 -11"><span class='ocrx_word' id='word_1_181' title='bbox 215 2576 329 2625; x_wconf 88' lang='grc'>(175)</span> <span class='ocrx_word' id='word_1_182' title='bbox 367 2573 595 2615; x_wconf 83' lang='lat' dir='ltr'>Sententia</span> <span class='ocrx_word' id='word_1_183' title='bbox 615 2573 780 2615; x_wconf 87' lang='lat' dir='ltr'>abbatis</span> <span class='ocrx_word' id='word_1_184' title='bbox 803 2572 925 2613; x_wconf 82' lang='lat' dir='ltr'>Eliae</span> <span class='ocrx_word' id='word_1_185' title='bbox 1668 2583 1744 2624; x_wconf 82' lang='lat'>103</span> 
     </span>
     <span class='ocr_line' id='line_1_38' title="bbox 215 2642 1743 2694; baseline -0.001 -10"><span class='ocrx_word' id='word_1_186' title='bbox 215 2645 329 2694; x_wconf 85' lang='lat'>(176)</span> <span class='ocrx_word' id='word_1_187' title='bbox 364 2642 553 2683; x_wconf 87' lang='lat' dir='ltr'>Verbum</span> <span class='ocrx_word' id='word_1_188' title='bbox 575 2642 743 2684; x_wconf 85' lang='lat' dir='ltr'>abbatis</span> <span class='ocrx_word' id='word_1_189' title='bbox 765 2642 915 2682; x_wconf 88' lang='lat' dir='ltr'>Amon</span> <span class='ocrx_word' id='word_1_190' title='bbox 1666 2652 1743 2694; x_wconf 85' lang='lat'>103</span> 
     </span>
     <span class='ocr_line' id='line_1_39' title="bbox 214 2710 1742 2764; baseline 0 -13"><span class='ocrx_word' id='word_1_191' title='bbox 214 2714 328 2762; x_wconf 93' lang='lat'>(177)</span> <span class='ocrx_word' id='word_1_192' title='bbox 365 2710 623 2764; x_wconf 87' lang='lat' dir='ltr'>Quindecim</span> <span class='ocrx_word' id='word_1_193' title='bbox 645 2712 765 2764; x_wconf 82' lang='lat' dir='ltr'>signa</span> <span class='ocrx_word' id='word_1_194' title='bbox 787 2710 987 2751; x_wconf 88' lang='lat' dir='ltr'>iudicium</span> <span class='ocrx_word' id='word_1_195' title='bbox 1010 2716 1256 2751; x_wconf 86' lang='lat' dir='ltr'>extremum</span> <span class='ocrx_word' id='word_1_196' title='bbox 1279 2714 1562 2763; x_wconf 85' lang='lat' dir='ltr'>praeventura</span> <span class='ocrx_word' id='word_1_197' title='bbox 1667 2721 1742 2762; x_wconf 88' lang='lat'>103</span> 
     </span>
     <span class='ocr_line' id='line_1_40' title="bbox 215 2777 1745 2833; baseline 0 -13"><span class='ocrx_word' id='word_1_198' title='bbox 215 2782 328 2832; x_wconf 85' lang='lat'>(178)</span> <span class='ocrx_word' id='word_1_199' title='bbox 365 2780 586 2833; x_wconf 90' lang='lat' dir='ltr'>Quantum</span> <span class='ocrx_word' id='word_1_200' title='bbox 608 2780 814 2820; x_wconf 90' lang='lat' dir='ltr'>demones</span> <span class='ocrx_word' id='word_1_201' title='bbox 835 2780 989 2820; x_wconf 92' lang='lat' dir='ltr'>timent</span> <span class='ocrx_word' id='word_1_202' title='bbox 1009 2779 1122 2818; x_wconf 89' lang='lat' dir='ltr'>diem</span> <span class='ocrx_word' id='word_1_203' title='bbox 1144 2777 1284 2818; x_wconf 88' lang='lat' dir='ltr'>iudicii</span> <span class='ocrx_word' id='word_1_204' title='bbox 1667 2790 1745 2830; x_wconf 84' lang='lat'>104</span> 
     </span>
     <span class='ocr_line' id='line_1_41' title="bbox 218 2847 1745 2901; baseline -0.001 -11"><span class='ocrx_word' id='word_1_205' title='bbox 218 2852 331 2900; x_wconf 84' lang='lat'>(179)</span> <span class='ocrx_word' id='word_1_206' title='bbox 367 2848 558 2890; x_wconf 88' lang='lat' dir='ltr'>Verbum</span> <span class='ocrx_word' id='word_1_207' title='bbox 582 2848 627 2890; x_wconf 82' lang='lat' dir='ltr'>S.</span> <span class='ocrx_word' id='word_1_208' title='bbox 652 2848 886 2901; x_wconf 86' lang='lat' dir='ltr'>Augustini</span> <span class='ocrx_word' id='word_1_209' title='bbox 908 2848 962 2888; x_wconf 91' lang='lat' dir='ltr'>de</span> <span class='ocrx_word' id='word_1_210' title='bbox 985 2853 1102 2888; x_wconf 92' lang='lat' dir='ltr'>metu</span> <span class='ocrx_word' id='word_1_211' title='bbox 1125 2847 1253 2887; x_wconf 89' lang='lat' dir='ltr'>futuri</span> <span class='ocrx_word' id='word_1_212' title='bbox 1275 2847 1416 2887; x_wconf 86' lang='lat' dir='ltr'>iudicii</span> <span class='ocrx_word' id='word_1_213' title='bbox 1666 2859 1745 2899; x_wconf 89' lang='grc'>104</span> 
     </span>
    </p>
   </div>
   <div class='ocr_carea' id='block_1_6' title="bbox 370 2917 714 2958">
    <p class='ocr_par' dir='ltr' id='par_1_7' title="bbox 370 2917 714 2958">
     <span class='ocr_line' id='line_1_42' title="bbox 370 2917 714 2958; baseline 0 -1"><span class='ocrx_word' id='word_1_214' title='bbox 370 2918 431 2958; x_wconf 83' lang='lat' dir='ltr'>De</span> <span class='ocrx_word' id='word_1_215' title='bbox 453 2917 714 2958; x_wconf 51' lang='lat' dir='ltr'>iuramentis.</span> 
     </span>
    </p>
   </div>
  </div>
 </body>
</html>
